@article{Bocquet_2015,
   author = {Bocquet, M. and Elbern, H. and Eskes, H. and Hirtl, M. and Zabkar, R. and Carmichael, G. R. and Flemming, J. and Inness, A. and Pagowski, M. and Camano, J. L. P. and Saide, P. E. and San Jose, R. and Sofiev, M. and Vira, J. and Baklanov, A. and Carnevale, C. and Grell, G. and Seigneur, C.},
   title = {Data assimilation in atmospheric chemistry models: current status and future prospects for coupled chemistry meteorology models},
   journal = {Atmospheric Chemistry and Physics},
   volume = {15},
   number = {10},
   pages = {5325-5358},
   ISSN = {1680-7316},
   DOI = {10.5194/acp-15-5325-2015},
   url = {<Go to ISI>://WOS:000355289200001},
   year = {2015},
   type = {Journal Article}
}

@article{Chen_2022,
   author = {Chen, L. and Mao, F. and Hong, J. and Zang, L. and Chen, J. and Zhang, Y. and Gan, Y. and Gong, W. and Xu, H.},
   title = {Improving PM2.5 predictions during COVID-19 lockdown by assimilating multi-source observations and adjusting emissions},
   journal = {Environ Pollut},
   volume = {297},
   pages = {118783},
   ISSN = {1873-6424 (Electronic)
0269-7491 (Linking)},
   DOI = {10.1016/j.envpol.2021.118783},
   url = {https://www.ncbi.nlm.nih.gov/pubmed/34974086},
   year = {2022},
   type = {Journal Article}
}

@article{Elbern_2007,
   author = {Elbern, H. and Strunk, A. and Schmidt, H. and Talagrand, O.},
   title = {Emission rate and chemical state estimation by 4-dimensional variational inversion},
   journal = {Atmospheric Chemistry and Physics},
   volume = {7},
   number = {14},
   pages = {3749-3769},
   ISSN = {1680-7316},
   DOI = {DOI 10.5194/acp-7-3749-2007},
   url = {<Go to ISI>://WOS:000248733100005},
   year = {2007},
   type = {Journal Article}
}


@article{Jiang_2013,
   author = {Jiang, Ziqiang and Liu, Zhiquan and Wang, Tijian and Schwartz, Craig S. and Lin, Hui-Chuan and Jiang, Fei},
   title = {Probing into the impact of 3DVAR assimilation of surface PM10observations over China using process analysis},
   journal = {Journal of Geophysical Research: Atmospheres},
   volume = {118},
   number = {12},
   pages = {6738-6749},
   ISSN = {2169897X},
   DOI = {10.1002/jgrd.50495},
   url = {https://dx.doi.org/10.1002/jgrd.50495},
   year = {2013},
   type = {Journal Article}
}

@article{Koohkan_2013,
   author = {Koohkan, M. R. and Bocquet, M. and Roustan, Y. and Kim, Y. and Seigneur, C.},
   title = {Estimation of volatile organic compound emissions for Europe using data assimilation},
   journal = {Atmospheric Chemistry and Physics},
   volume = {13},
   number = {12},
   pages = {5887-5905},
   ISSN = {1680-7324},
   DOI = {10.5194/acp-13-5887-2013},
   url = {https://dx.doi.org/10.5194/acp-13-5887-2013},
   year = {2013},
   type = {Journal Article}
}

@article{Kou_2021,
   author = {Kou, Xingxia and Peng, Zhen and Zhang, Meigen and Zhang, Ning and Lei, Lili and Zhao, Xiujuan and Miao, Shiguang and Li, Ziming and Ding, Qiuji},
   title = {Assessment of the Meteorological Impact on Improved PM
 2.5
 Air Quality Over North China During 2016–2019 Based on a Regional Joint Atmospheric Composition Reanalysis Data‐Set},
   journal = {Journal of Geophysical Research: Atmospheres},
   volume = {126},
   number = {11},
   ISSN = {2169-897X
2169-8996},
   DOI = {10.1029/2020jd034382},
   url = {https://dx.doi.org/10.1029/2020jd034382},
   year = {2021},
   type = {Journal Article}
}

@article{Li_2014,
   author = {Li, M. and Zhang, Q. and Streets, D. G. and He, K. B. and Cheng, Y. F. and Emmons, L. K. and Huo, H. and Kang, S. C. and Lu, Z. and Shao, M. and Su, H. and Yu, X. and Zhang, Y.},
   title = {Mapping Asian anthropogenic emissions of non-methane volatile organic compounds to multiple chemical mechanisms},
   journal = {Atmospheric Chemistry and Physics},
   volume = {14},
   number = {11},
   pages = {5617-5638},
   ISSN = {1680-7316},
   DOI = {10.5194/acp-14-5617-2014},
   url = {<Go to ISI>://WOS:000337803100020},
   year = {2014},
   type = {Journal Article}
}


@article{Liu_2021,
   author = {Liu, Xueling and Mizzi, Arthur P. and Anderson, Jeffrey L. and Fung, Inez and Cohen, Ronald C.},
   title = {The potential for geostationary remote sensing of NO<sub>2</sub> to improve weather prediction},
   journal = {Atmospheric Chemistry and Physics},
   volume = {21},
   number = {12},
   pages = {9573-9583},
   ISSN = {1680-7324},
   DOI = {10.5194/acp-21-9573-2021},
   url = {https://dx.doi.org/10.5194/acp-21-9573-2021},
   year = {2021},
   type = {Journal Article}
}

@article{Liu_2017,
   author = {Liu, Xueling and Mizzi, Arthur P. and Anderson, Jeffrey L. and Fung, Inez Y. and Cohen, Ronald C.},
   title = {Assimilation of satellite NO<sub>2</sub> observations at high spatial resolution using OSSEs},
   journal = {Atmospheric Chemistry and Physics},
   volume = {17},
   number = {11},
   pages = {7067-7081},
   ISSN = {1680-7324},
   DOI = {10.5194/acp-17-7067-2017},
   url = {https://dx.doi.org/10.5194/acp-17-7067-2017},
   year = {2017},
   type = {Journal Article}
}

@article{Liu_2011,
   author = {Liu, Z. Q. and Liu, Q. H. and Lin, H. C. and Schwartz, C. S. and Lee, Y. H. and Wang, T. J.},
   title = {Three-dimensional variational assimilation of MODIS aerosol optical depth: Implementation and application to a dust storm over East Asia},
   journal = {Journal of Geophysical Research-Atmospheres},
   volume = {116},
   number = {D23},
   pages = {n/a-n/a},
   ISSN = {2169-897x},
   DOI = {Artn D23206
10.1029/2011jd016159},
   url = {<Go to ISI>://WOS:000297998400001},
   year = {2011},
   type = {Journal Article}
}

@article{Ma_2019,
   author = {Ma, C. Q. and Wang, T. J. and Mizzi, A. P. and Anderson, J. L. and Zhuang, B. L. and Xie, M. and Wu, R. S.},
   title = {Multiconstituent Data Assimilation With WRF-Chem/DART: Potential for Adjusting Anthropogenic Emissions and Improving Air Quality Forecasts Over Eastern China},
   journal = {Journal of Geophysical Research-Atmospheres},
   volume = {124},
   number = {13},
   pages = {7393-7412},
   ISSN = {2169-897x},
   DOI = {10.1029/2019jd030421},
   url = {<Go to ISI>://WOS:000477580200043},
   year = {2019},
   type = {Journal Article}
}



@article{Pagowski_2012,
   author = {Pagowski, M. and Grell, G. A.},
   title = {Experiments with the assimilation of fine aerosols using an ensemble Kalman filter},
   journal = {Journal of Geophysical Research-Atmospheres},
   volume = {117},
   number = {D21},
   pages = {n/a-n/a},
   ISSN = {2169-897x},
   DOI = {Artn D21302
10.1029/2012jd018333},
   url = {<Go to ISI>://WOS:000310964300002},
   year = {2012},
   type = {Journal Article}
}

@article{Pagowski_2010,
   author = {Pagowski, M. and Grell, G. A. and McKeen, S. A. and Peckham, S. E. and Devenyi, D.},
   title = {Three-dimensional variational data assimilation of ozone and fine particulate matter observations: some results using the Weather Research and Forecasting - Chemistry model and Grid-point Statistical Interpolation},
   journal = {Quarterly Journal of the Royal Meteorological Society},
   volume = {136},
   number = {653},
   pages = {2013-2024},
   ISSN = {0035-9009},
   DOI = {10.1002/qj.700},
   url = {<Go to ISI>://WOS:000285312900007},
   year = {2010},
   type = {Journal Article}
}

@article{Pagowski_2014,
   author = {Pagowski, M. and Liu, Z. and Grell, G. A. and Hu, M. and Lin, H. C. and Schwartz, C. S.},
   title = {Implementation of aerosol assimilation in Gridpoint Statistical Interpolation (v. 3.2) and WRF-Chem (v. 3.4.1)},
   journal = {Geoscientific Model Development},
   volume = {7},
   number = {4},
   pages = {1621-1627},
   ISSN = {1991-959x},
   DOI = {10.5194/gmd-7-1621-2014},
   url = {<Go to ISI>://WOS:000341603900022},
   year = {2014},
   type = {Journal Article}
}


@article{Peng_2020,
   author = {Peng, Z. and Lei, L. L. and Liu, Z. Q. and Liu, H. N. and Chu, K. K. and Kou, X. X.},
   title = {Impact of Assimilating Meteorological Observations on Source Emissions Estimate and Chemical Simulations},
   journal = {Geophysical Research Letters},
   volume = {47},
   number = {20},
   ISSN = {0094-8276},
   DOI = {ARTN e2020GL089030
10.1029/2020GL089030},
   url = {<Go to ISI>://WOS:000586497000049},
   year = {2020},
   type = {Journal Article}
}

@article{Peng_2018,
   author = {Peng, Z. and Lei, L. L. and Liu, Z. Q. and Su, J. N. and Ding, A. J. and Ban, J. M. and Chen, D. and Kou, X. X. and Chu, K. K.},
   title = {The impact of multi-species surface chemical observation assimilation on air quality forecasts in China},
   journal = {Atmospheric Chemistry and Physics},
   volume = {18},
   number = {23},
   pages = {17387-17404},
   ISSN = {1680-7316},
   DOI = {10.5194/acp-18-17387-2018},
   url = {<Go to ISI>://WOS:000452384100003},
   year = {2018},
   type = {Journal Article}
}

@article{Peng_2017,
   author = {Peng, Zhen and Liu, Zhiquan and Chen, Dan and Ban, Junmei},
   title = {Improving PM<sub>2. 5</sub> forecast over China by the joint adjustment of initial conditions and source emissions with an ensemble Kalman filter},
   journal = {Atmospheric Chemistry and Physics},
   volume = {17},
   number = {7},
   pages = {4837-4855},
   ISSN = {1680-7324},
   DOI = {10.5194/acp-17-4837-2017},
   url = {https://dx.doi.org/10.5194/acp-17-4837-2017},
   year = {2017},
   type = {Journal Article}
}

@article{Sandu_2011,
   author = {Sandu, A. and Chai, T. F.},
   title = {Chemical Data Assimilation-An Overview},
   journal = {Atmosphere},
   volume = {2},
   number = {3},
   pages = {426-463},
   ISSN = {2073-4433},
   DOI = {10.3390/atmos2030426},
   url = {<Go to ISI>://WOS:000208732300011},
   year = {2011},
   type = {Journal Article}
}

@article{Schwartz_2014,
   author = {Schwartz, C. S. and Liu, Z. Q. and Lin, H. C. and Cetola, J. D.},
   title = {Assimilating aerosol observations with a "hybrid" variational-ensemble data assimilation system},
   journal = {Journal of Geophysical Research-Atmospheres},
   volume = {119},
   number = {7},
   pages = {4043-4069},
   ISSN = {2169-897x},
   DOI = {10.1002/2013jd020937},
   url = {<Go to ISI>://WOS:000334908300024},
   year = {2014},
   type = {Journal Article}
}

@article{Schwartz_2012,
   author = {Schwartz, C. S. and Liu, Z. Q. and Lin, H. C. and McKeen, S. A.},
   title = {Simultaneous three-dimensional variational assimilation of surface fine particulate matter and MODIS aerosol optical depth},
   journal = {Journal of Geophysical Research-Atmospheres},
   volume = {117},
   number = {D13},
   pages = {n/a-n/a},
   ISSN = {2169-897x},
   DOI = {Artn D13202
10.1029/2011jd017383},
   url = {<Go to ISI>://WOS:000306236800002},
   year = {2012},
   type = {Journal Article}
}

@article{Tang_2016,
   author = {Tang, Xiao and Zhu, Jiang and Wang, ZiFa and Gbaguidi, Alex and Lin, CaiYan and Xin, JinYuan and Song, Tao and Hu, Bo},
   title = {Limitations of ozone data assimilation with adjustment of NO<sub><i>x</i></sub> emissions: mixed effects on NO<sub>2</sub> forecasts over Beijing and surrounding areas},
   journal = {Atmospheric Chemistry and Physics},
   volume = {16},
   number = {10},
   pages = {6395-6405},
   ISSN = {1680-7324},
   DOI = {10.5194/acp-16-6395-2016},
   url = {https://dx.doi.org/10.5194/acp-16-6395-2016},
   year = {2016},
   type = {Journal Article}
}

@article{Tang_2011,
   author = {Tang, X. and Zhu, J. and Wang, Z. F. and Gbaguidi, A.},
   title = {Improvement of ozone forecast over Beijing based on ensemble Kalman filter with simultaneous adjustment of initial conditions and emissions},
   journal = {Atmospheric Chemistry and Physics},
   volume = {11},
   number = {24},
   pages = {12901-12916},
   ISSN = {1680-7316},
   DOI = {10.5194/acp-11-12901-2011},
   url = {<Go to ISI>://WOS:000298667600023},
   year = {2011},
   type = {Journal Article}
}

@article{Tang_2007,
   author = {Tang, Y. H. and Carmichael, G. R. and Thongboonchoo, N. and Chai, T. F. and Horowitz, L. W. and Pierce, R. B. and Al-Saadi, J. A. and Pfister, G. and Vukovich, J. M. and Avery, M. A. and Sachse, G. W. and Ryerson, T. B. and Holloway, J. S. and Atlas, E. L. and Flocke, F. M. and Weber, R. J. and Huey, L. G. and Dibb, J. E. and Streets, D. G. and Brune, W. H.},
   title = {Influence of lateral and top boundary conditions on regional air quality prediction: A multiscale study coupling regional and global chemical transport models},
   journal = {Journal of Geophysical Research-Atmospheres},
   volume = {112},
   number = {D10},
   ISSN = {2169-897x},
   DOI = {Artn D10s18
10.1029/2006jd007515},
   url = {<Go to ISI>://WOS:000246143200001},
   year = {2007},
   type = {Journal Article}
}


@article{Yang_2020,
   author = {Yang, G. H. and Jo, Y. J. and Lee, H. J. and Song, C. K. and Kim, C. H.},
   title = {Numerical Sensitivity Tests of Volatile Organic Compounds Emission to PM2.5 Formation during Heat Wave Period in 2018 in Two Southeast Korean Cities},
   journal = {Atmosphere},
   volume = {11},
   number = {4},
   pages = {331},
   ISSN = {2073-4433},
   DOI = {ARTN 331
10.3390/atmos11040331},
   url = {<Go to ISI>://WOS:000539492200018},
   year = {2020},
   type = {Journal Article}
}

