%
% JOURNAL ABBREVIATIONS
%
@STRING{AMS 	= "Amer.\ Meteor.\ Soc."}
@STRING{AGU 	= "Amer.\ Geophys.\ Union"}
@STRING{AIP 	= "Amer. Inst. Phys."}
@STRING{ADGEO     = "Adv.\ Geosci."}
@STRING{AFM       = "Agric.\ For.\ Meteor."}
@STRING{AM        = "Ann.\ Meteor."}
@STRING{AN        = "Astrophys.\ Norv."}		% Astrophysica Norvegica
@STRING{AO        = "Atmos.--Ocean"}			% Atmosphere--Ocean, published by Canadian Meteorological Society (CMOS)
@STRING{AR        = "Atmos.\ Res."}			% Atmospheric Research
@STRING{ARFM      = "Annu.\ Rev.\ Fluid Mech."}
@STRING{AUMET     = "Aust.\ Meteor.\ Mag."}
@STRING{BAMS      = "Bull.\ Amer.\ Meteor.\ Soc."}
@STRING{CAP       = "Contrib.\ Atmos.\ Phys."}
@STRING{CC        = "Climate Change"}      % Climate Change 
@STRING{CCH       = "Climatic Change"}			% Climatic Change
@STRING{CDYN      = "Climate Dyn."}
@STRING{CHAOS     = "Chaos"}
@STRING{COL       = "Collier's"}
@STRING{CRS       = "Cont.\ Shelf Res."}
@STRING{DAO       = "Dyn.\ Atmos.\ Oceans"}
@STRING{ECO       = "Ecology"}
@STRING{EI        = "Earth Interact."}
@STRING{GA        = "Geophysica"}			% Geophysica, published by Geophysical Society of Finland 
@STRING{GEOMAG    = "Geophys.\ Mag."}
@STRING{GN        = "Geophys.\ Norv."}			% Geophysica Norvegica
@STRING{GRL       = "Geophys.\ Res.\ Lett."}
@STRING{GEOINT    = "Geofis.\ Int."}			% Geofisica Internacional (Mexican journal -- vols. 3--5 contained proceedings from a hurricane conference
@STRING{GEOPUB    = "Geofys.\ Publ."}
@STRING{GPC       = "Global Planet.\ Change"}
@STRING{HP        = "Health Phys."}
@STRING{IAOP      = "Izv.\ Atmos.\ Ocean.\ Phys.\ (Engl.\ Transl.)"}
@STRING{IJC       = "Int.\ J.\ Climatol."}
@STRING{JAM       = "J.\ Appl.\ Meteor."}		% renamed to name below in 2006
@STRING{JAMC      = "J.\ Appl.\ Meteor.\ Climatol."}  	% Journal of Applied Meteorology and Climatology (this journal used to be called the Journal of Applied Meteorology before 2006)
@STRING{JAS       = "J.\ Atmos.\ Sci."}
@STRING{JAOT      = "J.\ Atmos.\ Oceanic Technol."}
@STRING{JCAM      = "J.\ Climate Appl.\ Meteor."}	% from 1983--87, now JAMC
@STRING{JCLI      = "J.\ Climate"}
@STRING{JCR       = "J.\ Coastal Res."}
@STRING{JFM       = "J.\ Fluid\ Mech."}
@STRING{JEM       = "J.\ Eng.\ Math."}			% Journal of Engineering Mathematics
@STRING{JGR       = "J.\ Geophys.\ Res."}
@STRING{JHM       = "J.\ Hydrometeor."}
@STRING{JMS       = "J.\ Mar.\ Syst."}
@STRING{JM        = "J.\ Meteor."}
@STRING{JMR       = "J.\ Mar.\ Res."}
@STRING{JMSJ      = "J.\ Meteor.\ Soc.\ Japan"}
@STRING{JPO       = "J.\ Phys.\ Oceanogr."}
@STRING{JOCEAN    = "J.\ Oceanogr."}			% Journal of Oceanography
@STRING{JOSJ      = "J.\ Oceanogr.\ Soc.\ Japan"}
@STRING{JSE       = "J.\ Struct.\ Eng."}	% Journal of Structural Engineering at ASCE
@STRING{JTM       = "J.\ Tropical Meteor."}
@STRING{JWEIA     = "J.\ Wind Eng.\ Ind.\ Aerodyn."}
@STRING{MA        = "Meteor.\ Appl."}
@STRING{MAP       = "Meteor.\ Atmos.\ Phys."}
@STRING{METMON    = "Meteor.\ Monogr."}
@STRING{METZEIT   = "Meteor.\ Z."}
@STRING{MWL       = "Mar.\ Wea.\ Log"}
@STRING{MWR       = "Mon.\ Wea.\ Rev."}
@STRING{NAT       = "Nature"}
@STRING{NHR       = "Nat.\ Hazards Rev."}
@STRING{NWD       = "Natl.\ Weather Dig."}
@STRING{OA        = "Oceanol. Aeta"}
@STRING{OCEAN     = "Oceanography"}                	% a quarterly journal of The Oceanography Society
@STRING{PAG       = "Pure Appl.\ Geophys."}
@STRING{PF        = "Phys.\ Fluids"}
@STRING{PHYSD     = "Physica D"}
@STRING{PMG       = "Pap.\ Meteor.\ Geophys."}	% Papers in Meteorology and Geophysics
@STRING{PNAS      = "Proc.\ Natl.\ Acad.\ Sci.\ (USA)"}
@STRING{PRE       = "Phys.\ Rev.\ E"}
@STRING{PRSA      = "Proc.\ Roy.\ Soc."}
@STRING{PT        = "Phys.\ Today"}
@STRING{PTRS      = "Philos.\ Trans.\ Roy.\ Soc.\ London"}
@STRING{QJRMS     = "Quart.\ J.\ Roy.\ Meteor.\ Soc."}
@STRING{RGEO      = "Rev. Geophys."}
@STRING{SCI       = "Science"}
@STRING{SOLA      = "SOLA"}				% Scientific Online Letters on the Atmosphere
@STRING{TAGU      = "Eos, Trans.\ Amer.\ Geophys.\ Union"}
@STRING{TELLUS    = "Tellus"}
@STRING{TCFD      = "Theor.\ Comput.\ Fluid Dyn."}
@STRING{WEA       = "Weather"}
@STRING{WW        = "Weatherwise"}
@STRING{WF        = "Wea.\ Forecasting"}
@STRING{WMOB      = "WMO Bull."}

%% SAMPLE REFERENCES. Insert your own reference database below the line.

@article{No_Author_xxxx,
   title = {<Miyoshi-2015-Big Ensemble Data Assimilation in.pdf>},
   type = {Journal Article}
}

@article{Wu_2018,
   author = {Wu, Rongrong and Xie, Shaodong},
   title = {Spatial Distribution of Secondary Organic Aerosol Formation Potential in China Derived from Speciated Anthropogenic Volatile Organic Compound Emissions},
   journal = {Environmental Science\&amp; Technology},
   volume = {52},
   number = {15},
   pages = {8146-8156},
   ISSN = {0013-936X},
   DOI = {10.1021/acs.est.8b01269},
   url = {https://dx.doi.org/10.1021/acs.est.8b01269},
   year = {2018},
   type = {Journal Article}
}



@article{Grell_2005,
   author = {Grell, G. A. and Peckham, S. E. and Schmitz, R. and McKeen, S. A. and Frost, G. and Skamarock, W. C. and Eder, B.},
   title = {Fully coupled "online" chemistry within the WRF model},
   journal = {Atmospheric Environment},
   volume = {39},
   number = {37},
   pages = {6957-6975},
   note = {Grell, GA Peckham, SE Schmitz, R McKeen, SA Frost, G Skamarock, WC Eder, B
McKeen, Stuart A/H-9516-2013; grell, georg a/B-6234-2015; Frost, Gregory J/I-1958-2013
McKeen, Stuart A/0000-0001-9700-6166; grell, georg a/0000-0001-5214-8742; Skamarock, William/0000-0002-6667-2446
1873-2844},
   ISSN = {1352-2310},
   DOI = {10.1016/j.atmosenv.2005.04.027},
   url = {<Go to ISI>://WOS:000233473900002},
   year = {2005},
   type = {Journal Article}
}

@article{Xing_2020,
   author = {Xing, Jia and Li, Siwei and Ding, Dian and Kelly, James T. and Wang, Shuxiao and Jang, Carey and Zhu, Yun and Hao, Jiming},
   title = {Data Assimilation of Ambient Concentrations of Multiple Air Pollutants Using an Emission-Concentration Response Modeling Framework},
   journal = {Atmosphere},
   volume = {11},
   number = {12},
   pages = {1289},
   ISSN = {2073-4433},
   DOI = {10.3390/atmos11121289},
   url = {https://dx.doi.org/10.3390/atmos11121289},
   year = {2020},
   type = {Journal Article}
}

@article{Choi_2022,
   author = {Choi, Jinkyul and Henze, Daven K. and Cao, Hansen and Nowlan, Caroline R. and González Abad, Gonzalo and Kwon, Hyeong‐Ahn and Lee, Hyung‐Min and Oak, Yujin J. and Park, Rokjin J. and Bates, Kelvin H. and Maasakkers, Joannes D. and Wisthaler, Armin and Weinheimer, Andrew J.},
   title = {An Inversion Framework for Optimizing Non‐Methane VOC Emissions Using Remote Sensing and Airborne Observations in Northeast Asia During the KORUS‐AQ Field Campaign},
   journal = {Journal of Geophysical Research: Atmospheres},
   volume = {127},
   number = {7},
   ISSN = {2169-897X},
   DOI = {10.1029/2021jd035844},
   url = {https://dx.doi.org/10.1029/2021jd035844},
   year = {2022},
   type = {Journal Article}
}

@article{Souri_2020,
   author = {Souri, Amir H. and Nowlan, Caroline R. and González Abad, Gonzalo and Zhu, Lei and Blake, Donald R. and Fried, Alan and Weinheimer, Andrew J. and Wisthaler, Armin and Woo, Jung-Hun and Zhang, Qiang and Chan Miller, Christopher E. and Liu, Xiong and Chance, Kelly},
   title = {An inversion of NO<sub><i>x</i></sub> and non-methane volatile organic compound (NMVOC) emissions using satellite observations during the KORUS-AQ campaign and implications for surface ozone over Ea},
   journal = {Atmospheric Chemistry and Physics},
   volume = {20},
   number = {16},
   pages = {9837-9854},
   ISSN = {1680-7324},
   DOI = {10.5194/acp-20-9837-2020},
   url = {https://dx.doi.org/10.5194/acp-20-9837-2020},
   year = {2020},
   type = {Journal Article}
}



@article{No_Author_1966,
   title = {the feasibility of a global observation and analysis experiment1,2},
   journal = {Bulletin of the American Meteorological Society},
   volume = {47},
   number = {3},
   pages = {200-221},
   ISSN = {0003-0007
1520-0477},
   DOI = {10.1175/1520-0477-47.3.200},
   url = {https://dx.doi.org/10.1175/1520-0477-47.3.200},
   year = {1966},
   type = {Journal Article}
}

@article{No_Author_2022,
   title = {Up in the aerosol},
   journal = {Nature Geoscience},
   volume = {15},
   number = {3},
   pages = {157-157},
   ISSN = {1752-0894},
   DOI = {10.1038/s41561-022-00915-4},
   url = {https://dx.doi.org/10.1038/s41561-022-00915-4},
   year = {2022},
   type = {Journal Article}
}

@article{Andersen_2006,
   author = {Andersen, A. and Bohr, T. and Stenum, B. and Rasmussen, J. Juul and Lautrup, B.},
   title = {The bathtub vortex in a rotating container},
   journal = {Journal of Fluid Mechanics},
   volume = {556},
   pages = {121},
   ISSN = {0022-1120},
   DOI = {10.1017/s0022112006009463},
   url = {https://dx.doi.org/10.1017/s0022112006009463},
   year = {2006},
   type = {Journal Article}
}

@article{Anderson_2013,
   author = {Anderson, J. and Lei, L. L.},
   title = {Empirical Localization of Observation Impact in Ensemble Kalman Filters},
   journal = {Monthly Weather Review},
   volume = {141},
   number = {11},
   pages = {4140-4153},
   ISSN = {0027-0644},
   DOI = {10.1175/Mwr-D-12-00330.1},
   url = {<Go to ISI>://WOS:000326066000027},
   year = {2013},
   type = {Journal Article}
}

@article{Anderson_2001b,
   author = {Anderson, J. L.},
   title = {An ensemble adjustment Kalman filter for data assimilation},
   journal = {Monthly Weather Review},
   volume = {129},
   number = {12},
   pages = {2884-2903},
   ISSN = {0027-0644},
   DOI = {Doi 10.1175/1520-0493(2001)129<2884:Aeakff>2.0.Co;2},
   url = {<Go to ISI>://WOS:000172045700003},
   year = {2001},
   type = {Journal Article}
}

@article{Anderson_2001,
   author = {Anderson, J. L.},
   title = {An ensemble adjustment Kalman filter for data assimilation},
   journal = {Monthly Weather Review},
   volume = {129},
   number = {12},
   pages = {2884-2903},
   ISSN = {0027-0644},
   DOI = {10.1175/1520-0493(2001)129<2884:Aeakff>2.0.Co;2},
   url = {<Go to ISI>://WOS:000172045700003},
   year = {2001},
   type = {Journal Article}
}

@article{Anderson_2003,
   author = {Anderson, Jeffrey L.},
   title = {A Local Least Squares Framework for Ensemble Filtering},
   journal = {Monthly Weather Review},
   volume = {131},
   number = {4},
   pages = {634-642},
   ISSN = {0027-0644},
   DOI = {10.1175/1520-0493(2003)131<0634:allsff>2.0.co;2},
   url = {https://dx.doi.org/10.1175/1520-0493(2003)131<0634:allsff>2.0.co;2},
   year = {2003},
   type = {Journal Article}
}

@article{Anderson_2007b,
   author = {Anderson, J. L.},
   title = {Exploring the need for localization in ensemble data assimilation using a hierarchical ensemble filter},
   journal = {Physica D-Nonlinear Phenomena},
   volume = {230},
   number = {1-2},
   pages = {99-111},
   ISSN = {0167-2789},
   DOI = {10.1016/j.physd.2006.02.011},
   url = {<Go to ISI>://WOS:000247587700010},
   year = {2007},
   type = {Journal Article}
}

@article{Anderson_2009,
   author = {Anderson, Jeffrey L.},
   title = {Spatially and temporally varying adaptive covariance inflation for ensemble filters},
   journal = {Tellus A},
   volume = {61},
   number = {1},
   pages = {72-83},
   ISSN = {0280-6495},
   DOI = {10.1111/j.1600-0870.2008.00361.x},
   url = {https://dx.doi.org/10.1111/j.1600-0870.2008.00361.x},
   year = {2009},
   type = {Journal Article}
}

@article{Anderson_2010,
   author = {Anderson, Jeffrey L.},
   title = {A Non-Gaussian Ensemble Filter Update for Data Assimilation},
   journal = {Monthly Weather Review},
   volume = {138},
   number = {11},
   pages = {4186-4198},
   ISSN = {1520-0493},
   DOI = {10.1175/2010mwr3253.1},
   url = {https://dx.doi.org/10.1175/2010mwr3253.1},
   year = {2010},
   type = {Journal Article}
}

@article{Anderson_2022,
   author = {Anderson, J. L.},
   title = {A Quantile-Conserving Ensemble Filter Framework. Part I: Updating an Observed Variable},
   journal = {Monthly Weather Review},
   volume = {150},
   number = {5},
   pages = {1061-1074},
   ISSN = {0027-0644},
   DOI = {10.1175/mwr-d-21-0229.1},
   url = {<Go to ISI>://WOS:000807973600006},
   year = {2022},
   type = {Journal Article}
}

@article{Anderson_2007,
   author = {Anderson, J. L. and Collins, N.},
   title = {Scalable implementations of ensemble filter algorithms for data assimilation},
   journal = {Journal of Atmospheric and Oceanic Technology},
   volume = {24},
   number = {8},
   pages = {1452-1463},
   ISSN = {0739-0572},
   DOI = {10.1175/Jtech2049.1},
   url = {<Go to ISI>://WOS:000249099900010},
   year = {2007},
   type = {Journal Article}
}

@article{Ballabrera-Poy_2016,
   author = {Ballabrera-Poy, Joaquim and Kalnay, Eugenia and Yang, Shu-Chih},
   title = {Data assimilation in a system with two scales—combining two initialization techniques},
   journal = {Tellus A: Dynamic Meteorology and Oceanography},
   volume = {61},
   number = {4},
   pages = {539-549},
   ISSN = {1600-0870},
   DOI = {10.1111/j.1600-0870.2009.00400.x},
   url = {https://dx.doi.org/10.1111/j.1600-0870.2009.00400.x},
   year = {2016},
   type = {Journal Article}
}

@article{Barthelemy_2022,
   author = {Barthelemy, S. and Brajard, J. and Bertino, L. and Counillon, F.},
   title = {Super-resolution data assimilation},
   journal = {Ocean Dynamics},
   volume = {72},
   number = {8},
   pages = {661-678},
   ISSN = {1616-7341},
   DOI = {10.1007/s10236-022-01523-x},
   url = {<Go to ISI>://WOS:000839321200001},
   year = {2022},
   type = {Journal Article}
}

@article{Bauer_2011,
   author = {Bauer, Peter and Auligné, Thomas and Bell, William and Geer, Alan and Guidard, Vincent and Heilliette, Sylvain and Kazumori, Masahiro and Kim, Min-Jeong and Liu, Emily H. C. and McNally, Anthony P. and Macpherson, Bruce and Okamoto, Kozo and Renshaw, Richard and Riishøjgaard, Lars-Peter},
   title = {Satellite cloud and precipitation assimilation at operational NWP centres},
   journal = {Quarterly Journal of the Royal Meteorological Society},
   volume = {137},
   number = {661},
   pages = {1934-1951},
   ISSN = {0035-9009},
   DOI = {10.1002/qj.905},
   url = {https://dx.doi.org/10.1002/qj.905},
   year = {2011},
   type = {Journal Article}
}

@article{Beare_2006,
   author = {Beare, R. J. and MacVean, M. K. and Holtslag, A. A. M. and Cuxart, J. and Esau, I. and Golaz, J. C. and Jimenez, M. A. and Khairoutdinov, M. and Kosovic, B. and Lewellen, D. and Lund, T. S. and Lundquist, J. K. and McCabe, A. and Moene, A. F. and Noh, Y. and Raasch, S. and Sullivan, P.},
   title = {An intercomparison of large-eddy simulations of the stable boundary layer},
   journal = {Boundary-Layer Meteorology},
   volume = {118},
   number = {2},
   pages = {247-272},
   ISSN = {0006-8314},
   DOI = {10.1007/s10546-004-2820-6},
   url = {<Go to ISI>://WOS:000238631800002},
   year = {2006},
   type = {Journal Article}
}

@article{Bengtsson_1982,
   author = {Bengtsson, L. and Kanamitsu, M. and Kallberg, P. and Uppala, S.},
   title = {Fgge Research Activities at Ecmwf},
   journal = {Bulletin of the American Meteorological Society},
   volume = {63},
   number = {3},
   pages = {277-303},
   ISSN = {0003-0007},
   DOI = {10.1175/1520-0477-63.3.277},
   url = {<Go to ISI>://WOS:A1982NR03100005},
   year = {1982},
   type = {Journal Article}
}

@article{Bocquet_2015,
   author = {Bocquet, M. and Elbern, H. and Eskes, H. and Hirtl, M. and Zabkar, R. and Carmichael, G. R. and Flemming, J. and Inness, A. and Pagowski, M. and Camano, J. L. P. and Saide, P. E. and San Jose, R. and Sofiev, M. and Vira, J. and Baklanov, A. and Carnevale, C. and Grell, G. and Seigneur, C.},
   title = {Data assimilation in atmospheric chemistry models: current status and future prospects for coupled chemistry meteorology models},
   journal = {Atmospheric Chemistry and Physics},
   volume = {15},
   number = {10},
   pages = {5325-5358},
   ISSN = {1680-7316},
   DOI = {10.5194/acp-15-5325-2015},
   url = {<Go to ISI>://WOS:000355289200001},
   year = {2015},
   type = {Journal Article}
}

@article{Bocquet_2011,
   author = {Bocquet, M. and Wu, L. and Chevallier, F.},
   title = {Bayesian design of control space for optimal assimilation of observations. Part I: Consistent multiscale formalism},
   journal = {Quarterly Journal of the Royal Meteorological Society},
   volume = {137},
   number = {658},
   pages = {1340-1356},
   ISSN = {0035-9009},
   DOI = {10.1002/qj.837},
   url = {https://dx.doi.org/10.1002/qj.837},
   year = {2011},
   type = {Journal Article}
}

@article{Brajard_2021,
   author = {Brajard, J. and Carrassi, A. and Bocquet, M. and Bertino, L.},
   title = {Combining data assimilation and machine learning to infer unresolved scale parametrization},
   journal = {Philosophical Transactions of the Royal Society a-Mathematical Physical and Engineering Sciences},
   volume = {379},
   number = {2194},
   ISSN = {1364-503X},
   DOI = {10.1098/rsta.2020.0086},
   url = {<Go to ISI>://WOS:000649132600003},
   year = {2021},
   type = {Journal Article}
}

@article{Burgers_1998,
   author = {Burgers, G. and van Leeuwen, P. J. and Evensen, G.},
   title = {Analysis scheme in the ensemble Kalman filter},
   journal = {Monthly Weather Review},
   volume = {126},
   number = {6},
   pages = {1719-1724},
   ISSN = {0027-0644},
   DOI = {Doi 10.1175/1520-0493(1998)126<1719:Asitek>2.0.Co;2},
   url = {<Go to ISI>://WOS:000074834700019},
   year = {1998},
   type = {Journal Article}
}

@article{Carmichael_2008,
   author = {Carmichael, G. R. and Sandu, A. and Chai, T. and Daescu, D. N. and Constantinescu, E. M. and Tang, Y.},
   title = {Predicting air quality: Improvements through advanced methods to integrate models and measurements},
   journal = {Journal of Computational Physics},
   volume = {227},
   number = {7},
   pages = {3540-3571},
   ISSN = {0021-9991},
   DOI = {10.1016/j.jcp.2007.02.024},
   url = {<Go to ISI>://WOS:000255005900007},
   year = {2008},
   type = {Journal Article}
}

@article{Carrassi_2018,
   author = {Carrassi, A. and Bocquet, M. and Bertino, L. and Evensen, G.},
   title = {Data assimilation in the geosciences: An overview of methods, issues, and perspectives},
   journal = {Wiley Interdisciplinary Reviews-Climate Change},
   volume = {9},
   number = {5},
   pages = {e535},
   ISSN = {1757-7780},
   DOI = {ARTN e535
10.1002/wcc.535},
   url = {<Go to ISI>://WOS:000441760200006},
   year = {2018},
   type = {Journal Article}
}

@article{Carter_2015,
   author = {Carter, William P. L.},
   title = {Development of a database for chemical mechanism assignments for volatile organic emissions},
   journal = {Journal of the Air\& Waste Management Association},
   volume = {65},
   number = {10},
   pages = {1171-1184},
   ISSN = {1096-2247},
   DOI = {10.1080/10962247.2015.1013646},
   url = {https://dx.doi.org/10.1080/10962247.2015.1013646},
   year = {2015},
   type = {Journal Article}
}

@article{Charney_1969,
   author = {Charney, J. and Halem, M. and Jastrow, R.},
   title = {Use of Incomplete Historical Data to Infer the Present State of the Atmosphere},
   journal = {Journal of the Atmospheric Sciences},
   volume = {26},
   number = {5},
   pages = {1160-1163},
   ISSN = {0022-4928
1520-0469},
   DOI = {10.1175/1520-0469(1969)026<1160:Uoihdt>2.0.Co;2},
   url = {https://dx.doi.org/10.1175/1520-0469(1969)026<1160:uoihdt>2.0.co;2},
   year = {1969},
   type = {Journal Article}
}

@article{Charney_1950,
   author = {Charney, J. G. and FjÖRtoft, R. and Neumann, J.},
   title = {Numerical Integration of the Barotropic Vorticity Equation},
   journal = {Tellus},
   volume = {2},
   number = {4},
   pages = {237-254},
   ISSN = {00402826
21533490},
   DOI = {10.1111/j.2153-3490.1950.tb00336.x},
   url = {https://dx.doi.org/10.1111/j.2153-3490.1950.tb00336.x},
   year = {1950},
   type = {Journal Article}
}

@article{Chen_2021,
   author = {Chen, C. H. and Chen, T. F. and Huang, S. P. and Chang, K. H.},
   title = {Comparison of the RADM2 and RACM chemical mechanisms in O3 simulations: effect of the photolysis rate constant},
   journal = {Sci Rep},
   volume = {11},
   number = {1},
   pages = {5024},
   ISSN = {2045-2322 (Electronic)
2045-2322 (Linking)},
   DOI = {10.1038/s41598-021-84629-4},
   url = {https://www.ncbi.nlm.nih.gov/pubmed/33658633},
   year = {2021},
   type = {Journal Article}
}

@article{Chen_2019,
   author = {Chen, Dan and Liu, Zhiquan and Ban, Junmei and Chen, Min},
   title = {The 2015 and 2016 wintertime air pollution in China: SO<sub>2</sub> emission changes derived from a WRF-Chem/EnKF coupled data assimilation system},
   journal = {Atmospheric Chemistry and Physics},
   volume = {19},
   number = {13},
   pages = {8619-8650},
   ISSN = {1680-7324},
   DOI = {10.5194/acp-19-8619-2019},
   url = {https://dx.doi.org/10.5194/acp-19-8619-2019},
   year = {2019},
   type = {Journal Article}
}

@article{Chen_2016,
   author = {Chen, Dan and Liu, Zhiquan and Fast, Jerome and Ban, Junmei},
   title = {Simulations of sulfate–nitrate–ammonium (SNA) aerosols during the extreme haze events over northern China in October 2014},
   journal = {Atmospheric Chemistry and Physics},
   volume = {16},
   number = {16},
   pages = {10707-10724},
   ISSN = {1680-7324},
   DOI = {10.5194/acp-16-10707-2016},
   url = {https://dx.doi.org/10.5194/acp-16-10707-2016},
   year = {2016},
   type = {Journal Article}
}

@article{Chen_2022,
   author = {Chen, L. and Mao, F. and Hong, J. and Zang, L. and Chen, J. and Zhang, Y. and Gan, Y. and Gong, W. and Xu, H.},
   title = {Improving PM2.5 predictions during COVID-19 lockdown by assimilating multi-source observations and adjusting emissions},
   journal = {Environ Pollut},
   volume = {297},
   pages = {118783},
   ISSN = {1873-6424 (Electronic)
0269-7491 (Linking)},
   DOI = {10.1016/j.envpol.2021.118783},
   url = {https://www.ncbi.nlm.nih.gov/pubmed/34974086},
   year = {2022},
   type = {Journal Article}
}

@article{Coirier_2005,
   author = {Coirier, W. J. and Fricker, D. M. and Furmanczyk, M. and Kim, S.},
   title = {A computational fluid dynamics approach for urban area transport and dispersion modeling},
   journal = {Environmental Fluid Mechanics},
   volume = {5},
   number = {5},
   pages = {443-479},
   ISSN = {1567-7419},
   DOI = {10.1007/s10652-005-0299-4},
   url = {<Go to ISI>://WOS:000234824800003},
   year = {2005},
   type = {Journal Article}
}

@article{Craig_2022,
   author = {Craig, George C. and Puh, Matjaž and Keil, Christian and Tempest, Kirsten and Necker, Tobias and Ruiz, Juan and Weissmann, Martin and Miyoshi, Takemasa},
   title = {Distributions and convergence of forecast variables in a 1,000‐member convection‐permitting ensemble},
   journal = {Quarterly Journal of the Royal Meteorological Society},
   ISSN = {0035-9009},
   DOI = {10.1002/qj.4305},
   url = {https://dx.doi.org/10.1002/qj.4305},
   year = {2022},
   type = {Journal Article}
}

@article{Dai_2021,
   author = {Dai, Tie and Cheng, Yueming and Goto, Daisuke and Li, Yingruo and Tang, Xiao and Shi, Guangyu and Nakajima, Teruyuki},
   title = {Revealing the sulfur dioxide emission reductions in China by assimilating surface observations in WRF-Chem},
   journal = {Atmospheric Chemistry and Physics},
   volume = {21},
   number = {6},
   pages = {4357-4379},
   ISSN = {1680-7324},
   DOI = {10.5194/acp-21-4357-2021},
   url = {https://dx.doi.org/10.5194/acp-21-4357-2021},
   year = {2021},
   type = {Journal Article}
}

@article{Ding_2021,
   author = {Ding, K. and Huang, X. and Ding, A. J. and Wang, M. H. and Su, H. and Kerminen, V. M. and Petaja, T. and Tan, Z. M. and Wang, Z. L. and Zhou, D. R. and Sun, J. N. and Liao, H. and Wang, H. J. and Carslaw, K. and Wood, R. and Zuidema, P. and Rosenfeld, D. and Kulmala, M. and Fu, C. B. and Poschl, U. and Cheng, Y. F. and Andreae, M. O.},
   title = {Aerosol-boundary-layer-monsoon interactions amplify semi-direct effect of biomass smoke on low cloud formation in Southeast Asia},
   journal = {Nature Communications},
   volume = {12},
   number = {1},
   DOI = {10.1038/s41467-021-26728-4},
   url = {<Go to ISI>://WOS:000714972500021},
   year = {2021},
   type = {Journal Article}
}

@article{Ehrendorfer_1999,
   author = {Ehrendorfer, Martin and Errico, Ronald M. and Raeder, Kevin D.},
   title = {Singular-Vector Perturbation Growth in a Primitive Equation Model with Moist Physics},
   journal = {Journal of the Atmospheric Sciences},
   volume = {56},
   number = {11},
   pages = {1627-1648},
   ISSN = {0022-4928},
   DOI = {10.1175/1520-0469(1999)056<1627:svpgia>2.0.co;2},
   year = {1999},
   type = {Journal Article}
}

@article{Elbern_2007,
   author = {Elbern, H. and Strunk, A. and Schmidt, H. and Talagrand, O.},
   title = {Emission rate and chemical state estimation by 4-dimensional variational inversion},
   journal = {Atmospheric Chemistry and Physics},
   volume = {7},
   number = {14},
   pages = {3749-3769},
   ISSN = {1680-7316},
   DOI = {DOI 10.5194/acp-7-3749-2007},
   url = {<Go to ISI>://WOS:000248733100005},
   year = {2007},
   type = {Journal Article}
}

@article{Emanuel_2020,
   author = {Emanuel, Kerry},
   title = {The Relevance of Theory for Contemporary Research in Atmospheres, Oceans, and Climate},
   journal = {AGU Advances},
   volume = {1},
   number = {2},
   ISSN = {2576-604X},
   DOI = {10.1029/2019av000129},
   url = {https://dx.doi.org/10.1029/2019av000129},
   year = {2020},
   type = {Journal Article}
}

@article{Emanuel_1999,
   author = {Emanuel, Kerry A.},
   title = {Thermodynamic control of hurricane intensity},
   journal = {Nature},
   volume = {401},
   number = {6754},
   pages = {665-669},
   ISSN = {0028-0836},
   DOI = {10.1038/44326},
   url = {https://dx.doi.org/10.1038/44326},
   year = {1999},
   type = {Journal Article}
}

@article{Errico_1997,
   author = {Errico, Ronald M.},
   title = {What Is an Adjoint Model?},
   journal = {Bulletin of the American Meteorological Society},
   volume = {78},
   number = {11},
   pages = {2577-2591},
   ISSN = {0003-0007},
   DOI = {10.1175/1520-0477(1997)078<2577:wiaam>2.0.co;2},
   url = {https://dx.doi.org/10.1175/1520-0477(1997)078<2577:wiaam>2.0.co;2},
   year = {1997},
   type = {Journal Article}
}

@article{Evensen_1994,
   author = {Evensen, G.},
   title = {Sequential Data Assimilation with a Nonlinear Quasi-Geostrophic Model Using Monte-Carlo Methods to Forecast Error Statistics},
   journal = {Journal of Geophysical Research-Oceans},
   volume = {99},
   number = {C5},
   pages = {10143-10162},
   ISSN = {2169-9275},
   DOI = {Doi 10.1029/94jc00572},
   url = {<Go to ISI>://WOS:A1994NL93000029},
   year = {1994},
   type = {Journal Article}
}

@article{Evensen_2003,
   author = {Evensen, Geir},
   title = {The Ensemble Kalman Filter: theoretical formulation and practical implementation},
   journal = {Ocean Dynamics},
   volume = {53},
   number = {4},
   pages = {343-367},
   ISSN = {1616-7341},
   DOI = {10.1007/s10236-003-0036-9},
   url = {https://dx.doi.org/10.1007/s10236-003-0036-9},
   year = {2003},
   type = {Journal Article}
}

@article{Evensen_2009,
   author = {Evensen, G.},
   title = {The Ensemble Kalman Filter for Combined State and Parameter Estimation MONTE CARLO TECHNIQUES FOR DATA ASSIMILATION IN LARGE SYSTEMS},
   journal = {Ieee Control Systems Magazine},
   volume = {29},
   number = {3},
   pages = {83-104},
   ISSN = {1066-033x},
   DOI = {10.1109/Mcs.2009.932223},
   url = {<Go to ISI>://WOS:000266333500010},
   year = {2009},
   type = {Journal Article}
}

@article{Evensen_2000,
   author = {Evensen, G. and van Leeuwen, P. J.},
   title = {An ensemble Kalman smoother for nonlinear dynamics},
   journal = {Monthly Weather Review},
   volume = {128},
   number = {6},
   pages = {1852-1867},
   ISSN = {0027-0644},
   DOI = {Doi 10.1175/1520-0493(2000)128<1852:Aeksfn>2.0.Co;2},
   url = {<Go to ISI>://WOS:000087533100013},
   year = {2000},
   type = {Journal Article}
}

@article{Farchi_2021,
   author = {Farchi, Alban and Laloyaux, Patrick and Bonavita, Massimo and Bocquet, Marc},
   title = {Using machine learning to correct model error in data assimilation and forecast applications},
   journal = {Quarterly Journal of the Royal Meteorological Society},
   volume = {147},
   number = {739},
   pages = {3067-3084},
   ISSN = {0035-9009},
   DOI = {10.1002/qj.4116},
   url = {https://dx.doi.org/10.1002/qj.4116},
   year = {2021},
   type = {Journal Article}
}

@article{Feng_2022,
   author = {Feng, S. Z. and Jiang, F. and Wang, H. M. and Shen, Y. and Zheng, Y. H. and Zhang, L. Y. and Lou, C. X. and Ju, W. M.},
   title = {Anthropogenic emissions estimated using surface observations and their impacts on PM2.5 source apportionment over the Yangtze River Delta, China},
   journal = {Science of the Total Environment},
   volume = {828},
   ISSN = {0048-9697},
   DOI = {10.1016/j.scitotenv.2022.154522},
   url = {<Go to ISI>://WOS:000804482200012},
   year = {2022},
   type = {Journal Article}
}

@article{Fortin_2014,
   author = {Fortin, V. and Abaza, M. and Anctil, F. and Turcotte, R.},
   title = {Why Should Ensemble Spread Match the RMSE of the Ensemble Mean?},
   journal = {Journal of Hydrometeorology},
   volume = {15},
   number = {4},
   pages = {1708-1713},
   ISSN = {1525-755X},
   DOI = {10.1175/jhm-d-14-0008.1},
   url = {https://dx.doi.org/10.1175/jhm-d-14-0008.1},
   year = {2014},
   type = {Journal Article}
}

@article{Galvão_2016,
   author = {Galvão, Elson Silva and Santos, Jane Meri and Reis Junior, Neyval Costa and Stuetz, Richard Michael},
   title = {Volatile organic compounds speciation and their influence on ozone formation potential in an industrialized urban area in Brazil},
   journal = {Environmental Technology},
   volume = {37},
   number = {17},
   pages = {2133-2148},
   ISSN = {0959-3330},
   DOI = {10.1080/09593330.2016.1142001},
   url = {https://dx.doi.org/10.1080/09593330.2016.1142001},
   year = {2016},
   type = {Journal Article}
}

@article{Gaspari_1999,
   author = {Gaspari, G. and Cohn, S. E.},
   title = {Construction of correlation functions in two and three dimensions},
   journal = {Quarterly Journal of the Royal Meteorological Society},
   volume = {125},
   number = {554},
   pages = {723-757},
   ISSN = {0035-9009},
   DOI = {DOI 10.1002/qj.49712555417},
   url = {<Go to ISI>://WOS:000079350100016},
   year = {1999},
   type = {Journal Article}
}

@article{Ge_2022,
   author = {Ge, Yangjinxi and Lei, Lili and Whitaker, Jeffrey S. and Tan, Zhe‐Min},
   title = {The Impact of Incremental Analysis Update on Regional Simulations for Typhoons},
   journal = {Journal of Advances in Modeling Earth Systems},
   volume = {14},
   number = {10},
   ISSN = {1942-2466},
   DOI = {10.1029/2022ms003084},
   url = {https://dx.doi.org/10.1029/2022ms003084},
   year = {2022},
   type = {Journal Article}
}

@article{Geer_2018,
   author = {Geer, Alan J. and Lonitz, Katrin and Weston, Peter and Kazumori, Masahiro and Okamoto, Kozo and Zhu, Yanqiu and Liu, Emily Huichun and Collard, Andrew and Bell, William and Migliorini, Stefano and Chambon, Philippe and Fourrié, Nadia and Kim, Min‐Jeong and Köpken‐Watts, Christina and Schraff, Christoph},
   title = {All‐sky satellite data assimilation at operational weather forecasting centres},
   journal = {Quarterly Journal of the Royal Meteorological Society},
   volume = {144},
   number = {713},
   pages = {1191-1217},
   ISSN = {0035-9009},
   DOI = {10.1002/qj.3202},
   url = {https://dx.doi.org/10.1002/qj.3202},
   year = {2018},
   type = {Journal Article}
}

@article{Ghil_2020,
   author = {Ghil, Michael and Lucarini, Valerio},
   title = {The physics of climate variability and climate change},
   journal = {Reviews of Modern Physics},
   volume = {92},
   number = {3},
   ISSN = {0034-6861},
   DOI = {10.1103/revmodphys.92.035002},
   url = {https://dx.doi.org/10.1103/revmodphys.92.035002},
   year = {2020},
   type = {Journal Article}
}

@article{Ha_2022,
   author = {Ha, Soyoung},
   title = {Implementation of aerosol data assimilation in WRFDA (v4.0.3) for WRF-Chem (v3.9.1) using the RACM/MADE-VBS scheme},
   journal = {Geoscientific Model Development},
   volume = {15},
   number = {4},
   pages = {1769-1788},
   ISSN = {1991-9603},
   DOI = {10.5194/gmd-15-1769-2022},
   url = {https://dx.doi.org/10.5194/gmd-15-1769-2022},
   year = {2022},
   type = {Journal Article}
}

@article{Hacker_2015b,
   author = {Hacker, Joshua P. and Lei, Lili},
   title = {Multivariate Ensemble Sensitivity with Localization},
   journal = {Monthly Weather Review},
   volume = {143},
   number = {6},
   pages = {2013-2027},
   ISSN = {0027-0644},
   DOI = {10.1175/mwr-d-14-00309.1},
   url = {https://dx.doi.org/10.1175/mwr-d-14-00309.1},
   year = {2015},
   type = {Journal Article}
}

@article{Hacker_2015,
   author = {Hacker, J. P. and Lei, L. L.},
   title = {Multivariate Ensemble Sensitivity with Localization},
   journal = {Monthly Weather Review},
   volume = {143},
   number = {6},
   pages = {2013-2027},
   ISSN = {0027-0644},
   DOI = {10.1175/Mwr-D-14-00309.1},
   url = {<Go to ISI>://WOS:000355190900003},
   year = {2015},
   type = {Journal Article}
}

@article{Hakim_2000,
   author = {Hakim, Gregory J.},
   title = {Role of Nonmodal Growth and Nonlinearity in Cyclogenesis Initial-Value Problems},
   journal = {Journal of the Atmospheric Sciences},
   volume = {57},
   number = {17},
   pages = {2951-2967},
   ISSN = {0022-4928},
   DOI = {10.1175/1520-0469(2000)057<2951:rongan>2.0.co;2},
   year = {2000},
   type = {Journal Article}
}

@article{Hamill_2011,
   author = {Hamill, Thomas M. and Whitaker, Jeffrey S. and Kleist, Daryl T. and Fiorino, Michael and Benjamin, Stanley G.},
   title = {Predictions of 2010’s Tropical Cyclones Using the GFS and Ensemble-Based Data Assimilation Methods},
   journal = {Monthly Weather Review},
   volume = {139},
   number = {10},
   pages = {3243-3247},
   ISSN = {0027-0644},
   DOI = {10.1175/mwr-d-11-00079.1},
   url = {https://dx.doi.org/10.1175/mwr-d-11-00079.1},
   year = {2011},
   type = {Journal Article}
}

@article{Hamill_2006,
   author = {Hamill, Thomas M. and Whitaker, Jeffrey S. and Mullen, Steven L.},
   title = {Reforecasts: An Important Dataset for Improving Weather Predictions},
   journal = {Bulletin of the American Meteorological Society},
   volume = {87},
   number = {1},
   pages = {33-46},
   ISSN = {0003-0007},
   DOI = {10.1175/bams-87-1-33},
   url = {https://dx.doi.org/10.1175/bams-87-1-33},
   year = {2006},
   type = {Journal Article}
}

@article{Hamill_2001,
   author = {Hamill, T. M. and Whitaker, J. S. and Snyder, C.},
   title = {Distance-dependent filtering of background error covariance estimates in an ensemble Kalman filter},
   journal = {Monthly Weather Review},
   volume = {129},
   number = {11},
   pages = {2776-2790},
   ISSN = {0027-0644},
   DOI = {10.1175/1520-0493(2001)129<2776:Ddfobe>2.0.Co;2},
   url = {<Go to ISI>://WOS:000171488500009},
   year = {2001},
   type = {Journal Article}
}

@article{Hamilton_2021,
   author = {Hamilton, Sofia D. and Harley, Robert A.},
   title = {High-Resolution Modeling and Apportionment of Diesel-Related Contributions to Black Carbon Concentrations},
   journal = {Environmental Science\& Technology},
   volume = {55},
   number = {18},
   pages = {12250-12260},
   ISSN = {0013-936X},
   DOI = {10.1021/acs.est.1c03913},
   url = {https://dx.doi.org/10.1021/acs.est.1c03913},
   year = {2021},
   type = {Journal Article}
}

@article{Haussaire_2016,
   author = {Haussaire, J. M. and Bocquet, M.},
   title = {A low-order coupled chemistry meteorology model for testing online and offline data assimilation schemes: L95-GRS (v1.0)},
   journal = {Geoscientific Model Development},
   volume = {9},
   number = {1},
   pages = {393-412},
   ISSN = {1991-9603},
   DOI = {10.5194/gmd-9-393-2016},
   url = {https://dx.doi.org/10.5194/gmd-9-393-2016},
   year = {2016},
   type = {Journal Article}
}

@article{He_2020,
   author = {He, Huan and Lei, Lili and Whitaker, Jeffrey S. and Tan, Zhe‐Min},
   title = {Impacts of Assimilation Frequency on Ensemble Kalman Filter Data Assimilation and Imbalances},
   journal = {Journal of Advances in Modeling Earth Systems},
   volume = {12},
   number = {10},
   ISSN = {1942-2466},
   DOI = {10.1029/2020ms002187},
   url = {https://dx.doi.org/10.1029/2020ms002187},
   year = {2020},
   type = {Journal Article}
}

@article{Heemink_2002,
   author = {Heemink, A. W. and Segers, A. J.},
   title = {Modeling and prediction of environmental data in space and time using Kalman filtering},
   journal = {Stochastic Environmental Research and Risk Assessment (SERRA)},
   volume = {16},
   number = {3},
   pages = {225-240},
   ISSN = {1436-3240},
   DOI = {10.1007/s00477-002-0097-1},
   url = {https://dx.doi.org/10.1007/s00477-002-0097-1},
   year = {2002},
   type = {Journal Article}
}

@article{Hodson_2022,
   author = {Hodson, Timothy O.},
   title = {Root-mean-square error (RMSE) or mean absolute error (MAE): when to use them or not},
   journal = {Geoscientific Model Development},
   volume = {15},
   number = {14},
   pages = {5481-5487},
   ISSN = {1991-9603},
   DOI = {10.5194/gmd-15-5481-2022},
   url = {https://dx.doi.org/10.5194/gmd-15-5481-2022},
   year = {2022},
   type = {Journal Article}
}

@article{Hodzic_2010,
   author = {Hodzic, A. and Jimenez, J. L. and Madronich, S. and Canagaratna, M. R. and Decarlo, P. F. and Kleinman, L. and Fast, J.},
   title = {Modeling organic aerosols in a megacity: potential contribution of semi-volatile and intermediate volatility primary organic compounds to secondary organic aerosol formation},
   journal = {Atmospheric Chemistry and Physics},
   volume = {10},
   number = {12},
   pages = {5491-5514},
   ISSN = {1680-7324},
   DOI = {10.5194/acp-10-5491-2010},
   url = {https://dx.doi.org/10.5194/acp-10-5491-2010},
   year = {2010},
   type = {Journal Article}
}

@article{Honda_2018,
   author = {Honda, Takumi and Miyoshi, Takemasa and Lien, Guo-Yuan and Nishizawa, Seiya and Yoshida, Ryuji and Adachi, Sachiho A. and Terasaki, Koji and Okamoto, Kozo and Tomita, Hirofumi and Bessho, Kotaro},
   title = {Assimilating All-Sky Himawari-8 Satellite Infrared Radiances: A Case of Typhoon Soudelor (2015)},
   journal = {Monthly Weather Review},
   volume = {146},
   number = {1},
   pages = {213-229},
   ISSN = {0027-0644},
   DOI = {10.1175/mwr-d-16-0357.1},
   url = {https://dx.doi.org/10.1175/mwr-d-16-0357.1},
   year = {2018},
   type = {Journal Article}
}

@article{Hong_2022,
   author = {Hong, J. and Mao, F. Y. and Gong, W. and Gan, Y. and Zang, L. and Quan, J. H. and Chen, J. P.},
   title = {Assimilating Fengyun-4A observations to improve WRF-Chem PM2.5 predictions in China},
   journal = {Atmospheric Research},
   volume = {265},
   ISSN = {0169-8095},
   DOI = {10.1016/j.atmosres.2021.105878},
   url = {<Go to ISI>://WOS:000715093400002},
   year = {2022},
   type = {Journal Article}
}

@article{Houtekamer_2005,
   author = {Houtekamer, P. L. and Mitchell, Herschel L. and Pellerin, Gérard and Buehner, Mark and Charron, Martin and Spacek, Lubos and Hansen, Bjarne},
   title = {Atmospheric Data Assimilation with an Ensemble Kalman Filter: Results with Real Observations},
   journal = {Monthly Weather Review},
   volume = {133},
   number = {3},
   pages = {604-620},
   ISSN = {1520-0493},
   DOI = {10.1175/mwr-2864.1},
   url = {https://dx.doi.org/10.1175/mwr-2864.1},
   year = {2005},
   type = {Journal Article}
}

@article{Houtekamer_2016,
   author = {Houtekamer, P. L. and Zhang, Fuqing},
   title = {Review of the Ensemble Kalman Filter for Atmospheric Data Assimilation},
   journal = {Monthly Weather Review},
   volume = {144},
   number = {12},
   pages = {4489-4532},
   ISSN = {0027-0644},
   DOI = {10.1175/mwr-d-15-0440.1},
   url = {https://dx.doi.org/10.1175/mwr-d-15-0440.1},
   year = {2016},
   type = {Journal Article}
}

@article{Hu_2022,
   author = {Hu, Guannan and Dance, Sarah L. and Bannister, Ross N. and Chipilski, Hristo G. and Guillet, Oliver and Macpherson, Bruce and Weissmann, Martin and Yussouf, Nusrat},
   title = {Progress, challenges, and future steps in data assimilation for convection‐permitting numerical weather prediction: Report on the virtual meeting held on 10 and 12 November 2021},
   journal = {Atmospheric Science Letters},
   ISSN = {1530-261X},
   DOI = {10.1002/asl.1130},
   url = {https://dx.doi.org/10.1002/asl.1130},
   year = {2022},
   type = {Journal Article}
}

@article{Huang_2017,
   author = {Huang, Ganlin and Brook, Rosie and Crippa, Monica and Janssens-Maenhout, Greet and Schieberle, Christian and Dore, Chris and Guizzardi, Diego and Muntean, Marilena and Schaaf, Edwin and Friedrich, Rainer},
   title = {Speciation of anthropogenic emissions of non-methane volatile organic compounds: a global gridded data set for 1970–2012},
   journal = {Atmospheric Chemistry and Physics},
   volume = {17},
   number = {12},
   pages = {7683-7701},
   ISSN = {1680-7324},
   DOI = {10.5194/acp-17-7683-2017},
   url = {https://dx.doi.org/10.5194/acp-17-7683-2017},
   year = {2017},
   type = {Journal Article}
}

@article{Huang_2021c,
   author = {Huang, L. and Wang, Q. and Wang, Y. J. and Emery, C. and Zhu, A. S. and Zhu, Y. H. and Yin, S. J. and Yarwood, G. and Zhang, K. and Li, L.},
   title = {Simulation of secondary organic aerosol over the Yangtze River Delta region: The impacts from the emissions of intermediate volatility organic compounds and the SOA modeling framework},
   journal = {Atmospheric Environment},
   volume = {246},
   ISSN = {1352-2310},
   DOI = {10.1016/j.atmosenv.2020.118079},
   url = {<Go to ISI>://WOS:000634461000003},
   year = {2021},
   type = {Journal Article}
}

@article{Huang_2021b,
   author = {Huang, Xin and Ding, Aijun and Gao, Jian and Zheng, Bo and Zhou, Derong and Qi, Ximeng and Tang, Rong and Wang, Jiaping and Ren, Chuanhua and Nie, Wei and Chi, Xuguang and Xu, Zheng and Chen, Liangduo and Li, Yuanyuan and Che, Fei and Pang, Nini and Wang, Haikun and Tong, Dan and Qin, Wei and Cheng, Wei and Liu, Weijing and Fu, Qingyan and Liu, Baoxian and Chai, Fahe and Davis Steven, J. and Zhang, Qiang and He, Kebin},
   title = {Enhanced secondary pollution offset reduction of primary emissions during COVID-19 lockdown in China},
   journal = {National Science Review},
   volume = {8},
   number = {2},
   url = {<Go to ISI>://CSCD:6916467},
   year = {2021},
   type = {Journal Article}
}

@article{Huang_2021,
   author = {Huang, X. and Ding, A. J.},
   title = {Aerosol as a critical factor causing forecast biases of air temperature in global numerical weather prediction models},
   journal = {Science Bulletin},
   volume = {66},
   number = {18},
   pages = {1917-1924},
   ISSN = {2095-9273},
   DOI = {10.1016/j.scib.2021.05.009},
   url = {<Go to ISI>://WOS:000692530800014},
   year = {2021},
   type = {Journal Article}
}

@article{Hunt_2004,
   author = {Hunt, B. R. and Kalnay, E. and Kostelich, E. J. and Ott, E. and Patil, D. J. and Sauer, T. and Szunyogh, I. and Yorke, J. A. and Zimin, A. V.},
   title = {Four-dimensional ensemble Kalman filtering},
   journal = {Tellus A},
   volume = {56},
   number = {4},
   pages = {273-277},
   ISSN = {0280-6495},
   DOI = {10.1111/j.1600-0870.2004.00066.x},
   url = {https://dx.doi.org/10.1111/j.1600-0870.2004.00066.x},
   year = {2004},
   type = {Journal Article}
}

@article{Hunt_2007,
   author = {Hunt, Brian R. and Kostelich, Eric J. and Szunyogh, Istvan},
   title = {Efficient data assimilation for spatiotemporal chaos: A local ensemble transform Kalman filter},
   journal = {Physica D: Nonlinear Phenomena},
   volume = {230},
   number = {1-2},
   pages = {112-126},
   ISSN = {0167-2789},
   DOI = {10.1016/j.physd.2006.11.008},
   url = {https://dx.doi.org/10.1016/j.physd.2006.11.008},
   year = {2007},
   type = {Journal Article}
}

@article{Ide_1997,
   author = {Ide, K. and Courtier, P. and Ghil, M. and Lorenc, A. C.},
   title = {Unified notation for data assimilation: Operational, sequential and variational},
   journal = {Journal of the Meteorological Society of Japan},
   volume = {75},
   number = {1b},
   pages = {181-189},
   ISSN = {0026-1165},
   DOI = {DOI 10.2151/jmsj1965.75.1B_181},
   url = {<Go to ISI>://WOS:A1997XG47600005},
   year = {1997},
   type = {Journal Article}
}

@article{Jiang_2013,
   author = {Jiang, Ziqiang and Liu, Zhiquan and Wang, Tijian and Schwartz, Craig S. and Lin, Hui-Chuan and Jiang, Fei},
   title = {Probing into the impact of 3DVAR assimilation of surface PM10observations over China using process analysis},
   journal = {Journal of Geophysical Research: Atmospheres},
   volume = {118},
   number = {12},
   pages = {6738-6749},
   ISSN = {2169897X},
   DOI = {10.1002/jgrd.50495},
   url = {https://dx.doi.org/10.1002/jgrd.50495},
   year = {2013},
   type = {Journal Article}
}

@article{Joe_2014,
   author = {Joe, D. K. and Zhang, H. L. and DeNero, S. P. and Lee, H. H. and Chen, S. H. and McDonald, B. C. and Harley, R. A. and Kleeman, M. J.},
   title = {Implementation of a high-resolution Source-Oriented WRF/Chem model at the Port of Oakland},
   journal = {Atmospheric Environment},
   volume = {82},
   pages = {351-363},
   ISSN = {1352-2310},
   DOI = {10.1016/j.atmosenv.2013.09.055},
   url = {<Go to ISI>://WOS:000329886200037},
   year = {2014},
   type = {Journal Article}
}

@article{Kacenelenbogen_2022,
   author = {Kacenelenbogen, Meloë S. F. and Tan, Qian and Burton, Sharon P. and Hasekamp, Otto P. and Froyd, Karl D. and Shinozuka, Yohei and Beyersdorf, Andreas J. and Ziemba, Luke and Thornhill, Kenneth L. and Dibb, Jack E. and Shingler, Taylor and Sorooshian, Armin and Espinosa, Reed W. and Martins, Vanderlei and Jimenez, Jose L. and Campuzano-Jost, Pedro and Schwarz, Joshua P. and Johnson, Matthew S. and Redemann, Jens and Schuster, Gregory L.},
   title = {Identifying chemical aerosol signatures using optical suborbital observations: how much can optical properties tell us about aerosol composition?},
   journal = {Atmospheric Chemistry and Physics},
   volume = {22},
   number = {6},
   pages = {3713-3742},
   ISSN = {1680-7324},
   DOI = {10.5194/acp-22-3713-2022},
   url = {https://dx.doi.org/10.5194/acp-22-3713-2022},
   year = {2022},
   type = {Journal Article}
}

@book{Kalnay_2012,
   author = {Kalnay, Eugenia},
   title = {Atmospheric Modeling, Data Assimilation and Predictability},
   publisher = {Cambridge University Press},
   ISBN = {9780521791793
9780521796293
9780511802270},
   DOI = {10.1017/cbo9780511802270},
   year = {2012},
   type = {Book}
}

@article{Kalnay_2003,
   author = {Kalnay, E. and Cai, M.},
   title = {Impact of urbanization and land-use change on climate},
   journal = {Nature},
   volume = {423},
   number = {6939},
   pages = {528-31},
   ISSN = {0028-0836 (Print)
0028-0836 (Linking)},
   DOI = {10.1038/nature01675},
   url = {https://www.ncbi.nlm.nih.gov/pubmed/12774119},
   year = {2003},
   type = {Journal Article}
}

@article{Kang_2012,
   author = {Kang, Ji-Sun and Kalnay, Eugenia and Miyoshi, Takemasa and Liu, Junjie and Fung, Inez},
   title = {Estimation of surface carbon fluxes with an advanced data assimilation methodology},
   journal = {Journal of Geophysical Research: Atmospheres},
   volume = {117},
   number = {D24},
   pages = {n/a-n/a},
   ISSN = {0148-0227},
   DOI = {10.1029/2012jd018259},
   url = {https://dx.doi.org/10.1029/2012jd018259},
   year = {2012},
   type = {Journal Article}
}

@article{Katzfuss_2016,
   author = {Katzfuss, M. and Stroud, J. R. and Wikle, C. K.},
   title = {Understanding the Ensemble Kalman Filter},
   journal = {American Statistician},
   volume = {70},
   number = {4},
   pages = {350-357},
   ISSN = {0003-1305},
   DOI = {10.1080/00031305.2016.1141709},
   url = {<Go to ISI>://WOS:000389736000004},
   year = {2016},
   type = {Journal Article}
}

@article{Khade_2013,
   author = {Khade, V. M. and Hansen, J. A. and Reid, J. S. and Westphal, D. L.},
   title = {Ensemble filter based estimation of spatially distributed parameters in a mesoscale dust model: experiments with simulated and real data},
   journal = {Atmospheric Chemistry and Physics},
   volume = {13},
   number = {6},
   pages = {3481-3500},
   ISSN = {1680-7324},
   DOI = {10.5194/acp-13-3481-2013},
   url = {https://dx.doi.org/10.5194/acp-13-3481-2013},
   year = {2013},
   type = {Journal Article}
}

@article{Kimbrough_2017,
   author = {Kimbrough, Sue and Chris Owen, R. and Snyder, Michelle and Richmond-Bryant, Jennifer},
   title = {NO to NO2 conversion rate analysis and implications for dispersion model chemistry methods using Las Vegas, Nevada near-road field measurements},
   journal = {Atmospheric Environment},
   volume = {165},
   pages = {23-34},
   ISSN = {1352-2310},
   DOI = {10.1016/j.atmosenv.2017.06.027},
   url = {https://dx.doi.org/10.1016/j.atmosenv.2017.06.027},
   year = {2017},
   type = {Journal Article}
}

@article{Kleist_2009,
   author = {Kleist, Daryl T. and Parrish, David F. and Derber, John C. and Treadon, Russ and Wu, Wan-Shu and Lord, Stephen},
   title = {Introduction of the GSI into the NCEP Global Data Assimilation System},
   journal = {Weather and Forecasting},
   volume = {24},
   number = {6},
   pages = {1691-1705},
   ISSN = {1520-0434},
   DOI = {10.1175/2009waf2222201.1},
   url = {https://dx.doi.org/10.1175/2009waf2222201.1},
   year = {2009},
   type = {Journal Article}
}

@article{Klimont_2002,
   author = {Klimont, Z. and Streets, D. G. and Gupta, S. and Cofala, J. and Fu, L. X. and Ichikawa, Y.},
   title = {Anthropogenic emissions of non-methane volatile organic compounds in China},
   journal = {Atmospheric Environment},
   volume = {36},
   number = {8},
   pages = {1309-1322},
   ISSN = {1352-2310},
   DOI = {10.1016/s1352-2310(01)00529-5},
   url = {<Go to ISI>://WOS:000174505500007},
   year = {2002},
   type = {Journal Article}
}

@article{Kondo_2016,
   author = {Kondo, Keiichi and Miyoshi, Takemasa},
   title = {Impact of Removing Covariance Localization in an Ensemble Kalman Filter: Experiments with 10 240 Members Using an Intermediate AGCM},
   journal = {Monthly Weather Review},
   volume = {144},
   number = {12},
   pages = {4849-4865},
   ISSN = {0027-0644},
   DOI = {10.1175/mwr-d-15-0388.1},
   url = {https://dx.doi.org/10.1175/mwr-d-15-0388.1},
   year = {2016},
   type = {Journal Article}
}

@article{Kondo_2019,
   author = {Kondo, Keiichi and Miyoshi, Takemasa},
   title = {Non-Gaussian statistics in global atmospheric dynamics: a study with a 10 240-member ensemble Kalman filter using an intermediate atmospheric general circulation model},
   journal = {Nonlinear Processes in Geophysics},
   volume = {26},
   number = {3},
   pages = {211-225},
   ISSN = {1607-7946},
   DOI = {10.5194/npg-26-211-2019},
   url = {https://dx.doi.org/10.5194/npg-26-211-2019},
   year = {2019},
   type = {Journal Article}
}

@article{Koohkan_2013,
   author = {Koohkan, M. R. and Bocquet, M. and Roustan, Y. and Kim, Y. and Seigneur, C.},
   title = {Estimation of volatile organic compound emissions for Europe using data assimilation},
   journal = {Atmospheric Chemistry and Physics},
   volume = {13},
   number = {12},
   pages = {5887-5905},
   ISSN = {1680-7324},
   DOI = {10.5194/acp-13-5887-2013},
   url = {https://dx.doi.org/10.5194/acp-13-5887-2013},
   year = {2013},
   type = {Journal Article}
}

@article{Kou_2021,
   author = {Kou, Xingxia and Peng, Zhen and Zhang, Meigen and Zhang, Ning and Lei, Lili and Zhao, Xiujuan and Miao, Shiguang and Li, Ziming and Ding, Qiuji},
   title = {Assessment of the Meteorological Impact on Improved PM
 2.5
 Air Quality Over North China During 2016–2019 Based on a Regional Joint Atmospheric Composition Reanalysis Data‐Set},
   journal = {Journal of Geophysical Research: Atmospheres},
   volume = {126},
   number = {11},
   ISSN = {2169-897X
2169-8996},
   DOI = {10.1029/2020jd034382},
   url = {https://dx.doi.org/10.1029/2020jd034382},
   year = {2021},
   type = {Journal Article}
}

@article{Kuo_1965,
   author = {Kuo, H. L.},
   title = {On Formation and Intensification of Tropical Cyclones through Latent Heat Release by Cumulus Convection},
   journal = {Journal of the Atmospheric Sciences},
   volume = {22},
   number = {1},
   pages = {40-&},
   ISSN = {0022-4928},
   DOI = {Doi 10.1175/1520-0469(1965)022<0040:Ofaiot>2.0.Co;2},
   url = {<Go to ISI>://WOS:A19656238300005},
   year = {1965},
   type = {Journal Article}
}

@article{Labahn_2019,
   author = {Labahn, J. W. and Wu, H. and Coriton, B. and Frank, J. H. and Ihme, M.},
   title = {Data assimilation using high-speed measurements and LES to examine local extinction events in turbulent flames},
   journal = {Proceedings of the Combustion Institute},
   volume = {37},
   number = {2},
   pages = {2259-2266},
   ISSN = {1540-7489},
   DOI = {10.1016/j.proci.2018.06.043},
   url = {<Go to ISI>://WOS:000456621500115},
   year = {2019},
   type = {Journal Article}
}

@article{Lange_2014,
   author = {Lange, Heiner and Craig, George C.},
   title = {The Impact of Data Assimilation Length Scales on Analysis and Prediction of Convective Storms},
   journal = {Monthly Weather Review},
   volume = {142},
   number = {10},
   pages = {3781-3808},
   ISSN = {0027-0644},
   DOI = {10.1175/mwr-d-13-00304.1},
   url = {https://dx.doi.org/10.1175/mwr-d-13-00304.1},
   year = {2014},
   type = {Journal Article}
}

@article{Langland_2002,
   author = {Langland, Rolf H. and Shapiro, Melvyn A. and Gelaro, Ronald},
   title = {Initial Condition Sensitivity and Error Growth in Forecasts of the 25 January 2000 East Coast Snowstorm},
   journal = {Monthly Weather Review},
   volume = {130},
   number = {4},
   pages = {957-974},
   ISSN = {0027-0644},
   DOI = {10.1175/1520-0493(2002)130<0957:icsaeg>2.0.co;2},
   year = {2002},
   type = {Journal Article}
}

@article{Lee_2018,
   author = {Lee, Jeongseok and X. Grey, Michael and Ha, Sehoon and Kunz, Tobias and Jain, Sumit and Ye, Yuting and S. Srinivasa, Siddhartha and Stilman, Mike and Karen Liu, C.},
   title = {DART: Dynamic Animation and Robotics Toolkit},
   journal = {The Journal of Open Source Software},
   volume = {3},
   number = {22},
   pages = {500},
   ISSN = {2475-9066},
   DOI = {10.21105/joss.00500},
   url = {https://dx.doi.org/10.21105/joss.00500},
   year = {2018},
   type = {Journal Article}
}

@article{Leeuwen_2019,
   author = {Leeuwen, Peter Jan and Künsch, Hans R. and Nerger, Lars and Potthast, Roland and Reich, Sebastian},
   title = {Particle filters for high‐dimensional geoscience applications: A review},
   journal = {Quarterly Journal of the Royal Meteorological Society},
   volume = {145},
   number = {723},
   pages = {2335-2365},
   ISSN = {0035-9009},
   DOI = {10.1002/qj.3551},
   url = {https://dx.doi.org/10.1002/qj.3551},
   year = {2019},
   type = {Journal Article}
}

@article{Lei_2014b,
   author = {Lei, Lili and Anderson, Jeffrey L.},
   title = {Impacts of Frequent Assimilation of Surface Pressure Observations on Atmospheric Analyses},
   journal = {Monthly Weather Review},
   volume = {142},
   number = {12},
   pages = {4477-4483},
   ISSN = {0027-0644},
   DOI = {10.1175/mwr-d-14-00097.1},
   url = {https://dx.doi.org/10.1175/mwr-d-14-00097.1},
   year = {2014},
   type = {Journal Article}
}

@article{Lei_2019,
   author = {Lei, Lili and Ge, Yangjinxi and Tan, Zhemin and Bao, Xuwei},
   title = {An evaluation and improvement of tropical cyclone prediction in the western North Pacific basin from global ensemble forecasts},
   journal = {Science China Earth Sciences},
   volume = {63},
   number = {1},
   pages = {12-26},
   ISSN = {1674-7313
1869-1897},
   DOI = {10.1007/s11430-019-9480-8},
   url = {https://dx.doi.org/10.1007/s11430-019-9480-8},
   year = {2019},
   type = {Journal Article}
}

@article{Lei_2017,
   author = {Lei, Lili and Whitaker, Jeffrey S.},
   title = {Evaluating the trade‐offs between ensemble size and ensemble resolution in an ensemble‐variational data assimilation system},
   journal = {Journal of Advances in Modeling Earth Systems},
   volume = {9},
   number = {2},
   pages = {781-789},
   ISSN = {1942-2466},
   DOI = {10.1002/2016ms000864},
   url = {https://dx.doi.org/10.1002/2016ms000864},
   year = {2017},
   type = {Journal Article}
}

@article{Lei_2014,
   author = {Lei, L. L. and Anderson, J. L.},
   title = {Comparisons of Empirical Localization Techniques for Serial Ensemble Kalman Filters in a Simple Atmospheric General Circulation Model},
   journal = {Monthly Weather Review},
   volume = {142},
   number = {2},
   pages = {739-754},
   ISSN = {0027-0644},
   DOI = {10.1175/Mwr-D-13-00152.1},
   url = {<Go to ISI>://WOS:000330100700015},
   year = {2014},
   type = {Journal Article}
}

@article{Lei_2015,
   author = {Lei, L. L. and Anderson, J. L. and Romine, G. S.},
   title = {Empirical Localization Functions for Ensemble Kalman Filter Data Assimilation in Regions with and without Precipitation},
   journal = {Monthly Weather Review},
   volume = {143},
   number = {9},
   pages = {3664-3679},
   ISSN = {0027-0644},
   DOI = {10.1175/Mwr-D-14-00415.1},
   url = {<Go to ISI>://WOS:000360313800018},
   year = {2015},
   type = {Journal Article}
}

@article{Lei_2016,
   author = {Lei, L. L. and Whitaker, J. S.},
   title = {A Four-Dimensional Incremental Analysis Update for the Ensemble Kalman Filter},
   journal = {Monthly Weather Review},
   volume = {144},
   number = {7},
   pages = {2605-2621},
   ISSN = {0027-0644},
   DOI = {10.1175/mwr-d-15-0246.1},
   url = {<Go to ISI>://WOS:000379847800005},
   year = {2016},
   type = {Journal Article}
}

@article{Lewis_2005,
   author = {Lewis, J. M.},
   title = {Roots of ensemble forecasting},
   journal = {Monthly Weather Review},
   volume = {133},
   number = {7},
   pages = {1865-1885},
   ISSN = {0027-0644},
   DOI = {Doi 10.1175/Mwr2949.1},
   url = {<Go to ISI>://WOS:000230785700006},
   year = {2005},
   type = {Journal Article}
}

@article{Li_2021b,
   author = {Li, Baojie and Chen, Lei and Shen, Weishou and Jin, Jianbing and Wang, Teng and Wang, Pinya and Yang, Yang and Liao, Hong},
   title = {Improved gridded ammonia emission inventory in China},
   journal = {Atmospheric Chemistry and Physics},
   volume = {21},
   number = {20},
   pages = {15883-15900},
   ISSN = {1680-7324},
   DOI = {10.5194/acp-21-15883-2021},
   url = {https://dx.doi.org/10.5194/acp-21-15883-2021},
   year = {2021},
   type = {Journal Article}
}

@article{Li_2021,
   author = {Li, J. and Han, Z. W. and Sun, Y. L. and Li, J. W. and Liang, L.},
   title = {Chemical formation pathways of secondary organic aerosols in the Beijing-Tianjin-Hebei region in wintertime},
   journal = {Atmospheric Environment},
   volume = {244},
   ISSN = {1352-2310},
   DOI = {ARTN 117996
10.1016/j.atmosenv.2020.117996},
   url = {<Go to ISI>://WOS:000591728600003},
   year = {2021},
   type = {Journal Article}
}

@article{Li_2017,
   author = {Li, Meng and Liu, Huan and Geng, Guannan and Hong, Chaopeng and Liu, Fei and Song, Yu and Tong, Dan and Zheng, Bo and Cui, Hongyang and Man, Hanyang and Zhang, Qiang and He, Kebin},
   title = {Anthropogenic emission inventories in China: a review},
   journal = {National Science Review},
   volume = {4},
   number = {6},
   pages = {834-866},
   ISSN = {2095-5138
2053-714X},
   DOI = {10.1093/nsr/nwx150},
   url = {https://dx.doi.org/10.1093/nsr/nwx150},
   year = {2017},
   type = {Journal Article}
}

@article{Li_2014,
   author = {Li, M. and Zhang, Q. and Streets, D. G. and He, K. B. and Cheng, Y. F. and Emmons, L. K. and Huo, H. and Kang, S. C. and Lu, Z. and Shao, M. and Su, H. and Yu, X. and Zhang, Y.},
   title = {Mapping Asian anthropogenic emissions of non-methane volatile organic compounds to multiple chemical mechanisms},
   journal = {Atmospheric Chemistry and Physics},
   volume = {14},
   number = {11},
   pages = {5617-5638},
   ISSN = {1680-7316},
   DOI = {10.5194/acp-14-5617-2014},
   url = {<Go to ISI>://WOS:000337803100020},
   year = {2014},
   type = {Journal Article}
}

@article{Liang_2021,
   author = {Liang, Zhichao and Ding, Juli and Fei, Jianfang and Cheng, Xiaoping and Huang, Xiaogang},
   title = {Direct/indirect effects of aerosols and their separate contributions to Typhoon Lupit (2009): Eyewall versus peripheral rainbands},
   journal = {Science China Earth Sciences},
   volume = {64},
   number = {12},
   pages = {2113-2128},
   ISSN = {1674-7313},
   DOI = {10.1007/s11430-020-9816-7},
   url = {https://dx.doi.org/10.1007/s11430-020-9816-7},
   year = {2021},
   type = {Journal Article}
}

@article{Lin_2008,
   author = {Lin, Caiyan and Zhu, Jiang and Wang, Zifa},
   title = {Model bias correction for dust storm forecast using ensemble Kalman filter},
   journal = {Journal of Geophysical Research},
   volume = {113},
   number = {D14},
   ISSN = {0148-0227},
   DOI = {10.1029/2007jd009498},
   url = {https://dx.doi.org/10.1029/2007jd009498},
   year = {2008},
   type = {Journal Article}
}

@article{Lin_2022,
   author = {Lin, Xiaoxia and Feng, Yerong and Xu, Daosheng and Jian, Yuntao and Huang, Fei and Huang, Jincan},
   title = {Improving the Nowcasting of Strong Convection by Assimilating Both Wind and Reflectivity Observations of Phased Array Radar: A Case Study},
   journal = {Journal of Meteorological Research},
   volume = {36},
   number = {1},
   pages = {61-78},
   ISSN = {2095-6037},
   DOI = {10.1007/s13351-022-1034-5},
   url = {https://dx.doi.org/10.1007/s13351-022-1034-5},
   year = {2022},
   type = {Journal Article}
}

@article{Liu_2022,
   author = {Liu, Haiyang and Tang, Xiaodong and Gu, Jian‐Feng},
   title = {Effects of Volcanic Aerosols on the Genesis of Tropical Cyclone Wukong (2018)},
   journal = {Journal of Geophysical Research: Atmospheres},
   volume = {127},
   number = {22},
   ISSN = {2169-897X},
   DOI = {10.1029/2022jd036775},
   url = {https://dx.doi.org/10.1029/2022jd036775},
   year = {2022},
   type = {Journal Article}
}

@article{Liu_2021,
   author = {Liu, Xueling and Mizzi, Arthur P. and Anderson, Jeffrey L. and Fung, Inez and Cohen, Ronald C.},
   title = {The potential for geostationary remote sensing of NO<sub>2</sub> to improve weather prediction},
   journal = {Atmospheric Chemistry and Physics},
   volume = {21},
   number = {12},
   pages = {9573-9583},
   ISSN = {1680-7324},
   DOI = {10.5194/acp-21-9573-2021},
   url = {https://dx.doi.org/10.5194/acp-21-9573-2021},
   year = {2021},
   type = {Journal Article}
}

@article{Liu_2017,
   author = {Liu, Xueling and Mizzi, Arthur P. and Anderson, Jeffrey L. and Fung, Inez Y. and Cohen, Ronald C.},
   title = {Assimilation of satellite NO<sub>2</sub> observations at high spatial resolution using OSSEs},
   journal = {Atmospheric Chemistry and Physics},
   volume = {17},
   number = {11},
   pages = {7067-7081},
   ISSN = {1680-7324},
   DOI = {10.5194/acp-17-7067-2017},
   url = {https://dx.doi.org/10.5194/acp-17-7067-2017},
   year = {2017},
   type = {Journal Article}
}

@article{Liu_2011,
   author = {Liu, Z. Q. and Liu, Q. H. and Lin, H. C. and Schwartz, C. S. and Lee, Y. H. and Wang, T. J.},
   title = {Three-dimensional variational assimilation of MODIS aerosol optical depth: Implementation and application to a dust storm over East Asia},
   journal = {Journal of Geophysical Research-Atmospheres},
   volume = {116},
   number = {D23},
   pages = {n/a-n/a},
   ISSN = {2169-897x},
   DOI = {Artn D23206
10.1029/2011jd016159},
   url = {<Go to ISI>://WOS:000297998400001},
   year = {2011},
   type = {Journal Article}
}

@article{Lorenc_2003,
   author = {Lorenc, A. C.},
   title = {The potential of the ensemble Kalman filter for NWP - a comparison with 4D-Var},
   journal = {Quarterly Journal of the Royal Meteorological Society},
   volume = {129},
   number = {595},
   pages = {3183-3203},
   ISSN = {0035-9009},
   DOI = {10.1256/qj.02.132},
   url = {<Go to ISI>://WOS:000187554400002},
   year = {2003},
   type = {Journal Article}
}

@article{Lorenz_1963,
   author = {Lorenz, E. N.},
   title = {Deterministic Nonperiodic Flow},
   journal = {Journal of the Atmospheric Sciences},
   volume = {20},
   number = {2},
   pages = {130-141},
   ISSN = {0022-4928},
   DOI = {Doi 10.1175/1520-0469(1963)020<0130:Dnf>2.0.Co;2},
   url = {<Go to ISI>://WOS:A1963WS58000008},
   year = {1963},
   type = {Journal Article}
}

@article{Ma_2019,
   author = {Ma, C. Q. and Wang, T. J. and Mizzi, A. P. and Anderson, J. L. and Zhuang, B. L. and Xie, M. and Wu, R. S.},
   title = {Multiconstituent Data Assimilation With WRF-Chem/DART: Potential for Adjusting Anthropogenic Emissions and Improving Air Quality Forecasts Over Eastern China},
   journal = {Journal of Geophysical Research-Atmospheres},
   volume = {124},
   number = {13},
   pages = {7393-7412},
   ISSN = {2169-897x},
   DOI = {10.1029/2019jd030421},
   url = {<Go to ISI>://WOS:000477580200043},
   year = {2019},
   type = {Journal Article}
}

@article{Maejima_2019,
   author = {Maejima, Yasumitsu and Miyoshi, Takemasa and Kunii, Masaru and Seko, Hiromu and Sato, Kae},
   title = {Impact of Dense and Frequent Surface Observations on 1-Minute-Update Severe Rainstorm Prediction: A Simulation Study},
   journal = {Journal of the Meteorological Society of Japan. Ser. II},
   volume = {97},
   number = {1},
   pages = {253-273},
   ISSN = {0026-1165},
   DOI = {10.2151/jmsj.2019-014},
   url = {https://dx.doi.org/10.2151/jmsj.2019-014},
   year = {2019},
   type = {Journal Article}
}

@article{Manabe_1975,
   author = {Manabe, Syukuro and Wetherald, Richard T.},
   title = {The Effects of Doubling the CO2Concentration on the climate of a General Circulation Model},
   journal = {Journal of the Atmospheric Sciences},
   volume = {32},
   number = {1},
   pages = {3-15},
   ISSN = {0022-4928
1520-0469},
   DOI = {10.1175/1520-0469(1975)032<0003:Teodtc>2.0.Co;2},
   url = {https://dx.doi.org/10.1175/1520-0469(1975)032<0003:teodtc>2.0.co;2},
   year = {1975},
   type = {Journal Article}
}

@article{Mao_2014,
   author = {Mao, Y. H. and Li, Q. B. and Chen, D. and Zhang, L. and Hao, W. M. and Liou, K. N.},
   title = {Top-down estimates of biomass burning emissions of black carbon in the Western United States},
   journal = {Atmospheric Chemistry and Physics},
   volume = {14},
   number = {14},
   pages = {7195-7211},
   ISSN = {1680-7324},
   DOI = {10.5194/acp-14-7195-2014},
   url = {https://dx.doi.org/10.5194/acp-14-7195-2014},
   year = {2014},
   type = {Journal Article}
}

@article{Mason_1999,
   author = {Mason, P. J. and Brown, A. R.},
   title = {On subgrid models and filter operations in large eddy simulations},
   journal = {Journal of the Atmospheric Sciences},
   volume = {56},
   number = {13},
   pages = {2101-2114},
   ISSN = {0022-4928},
   DOI = {10.1175/1520-0469(1999)056<2101:Osmafo>2.0.Co;2},
   url = {<Go to ISI>://WOS:000081256400004},
   year = {1999},
   type = {Journal Article}
}

@article{Minamide_2019b,
   author = {Minamide, Masashi and Zhang, Fuqing},
   title = {An adaptive background error inflation method for assimilating all‐sky radiances},
   journal = {Quarterly Journal of the Royal Meteorological Society},
   volume = {145},
   number = {719},
   pages = {805-823},
   ISSN = {0035-9009},
   DOI = {10.1002/qj.3466},
   url = {https://dx.doi.org/10.1002/qj.3466},
   year = {2019},
   type = {Journal Article}
}

@article{Minamide_2019,
   author = {Minamide, M. and Zhang, F. Q.},
   title = {An adaptive background error inflation method for assimilating all-sky radiances},
   journal = {Quarterly Journal of the Royal Meteorological Society},
   volume = {145},
   number = {719},
   pages = {805-823},
   ISSN = {0035-9009},
   DOI = {10.1002/qj.3466},
   url = {<Go to ISI>://WOS:000463971800025},
   year = {2019},
   type = {Journal Article}
}

@article{Miyazaki_2012,
   author = {Miyazaki, K. and Eskes, H. J. and Sudo, K. and Takigawa, M. and Van Weele, M. and Boersma, K. F.},
   title = {Simultaneous assimilation of satellite NO&amp;lt;sub&amp;gt;2&amp;lt;/sub&amp;gt;, O&amp;lt;sub&amp;gt;3&amp;lt;/sub&amp;gt;, CO, and HNO&amp;lt;sub&amp;gt;3&amp;lt;/sub&amp;gt; data for the analysis of tropospheric chemical composition and emissions},
   journal = {Atmospheric Chemistry and Physics},
   volume = {12},
   number = {20},
   pages = {9545-9579},
   ISSN = {1680-7324},
   DOI = {10.5194/acp-12-9545-2012},
   url = {https://dx.doi.org/10.5194/acp-12-9545-2012},
   year = {2012},
   type = {Journal Article}
}

@article{Miyoshi_2014,
   author = {Miyoshi, Takemasa and Kondo, Keiichi and Imamura, Toshiyuki},
   title = {The 10,240-member ensemble Kalman filtering with an intermediate AGCM},
   journal = {Geophysical Research Letters},
   volume = {41},
   number = {14},
   pages = {5264-5271},
   ISSN = {0094-8276},
   DOI = {10.1002/2014gl060863},
   url = {https://dx.doi.org/10.1002/2014gl060863},
   year = {2014},
   type = {Journal Article}
}

@article{Miyoshi_2015,
   author = {Miyoshi, Takemasa and Kondo, Keiichi and Terasaki, Koji},
   title = {Big Ensemble Data Assimilation in Numerical Weather Prediction},
   journal = {Computer},
   volume = {48},
   number = {11},
   pages = {15-21},
   ISSN = {0018-9162},
   DOI = {10.1109/mc.2015.332},
   url = {https://dx.doi.org/10.1109/mc.2015.332},
   year = {2015},
   type = {Journal Article}
}

@article{Miyoshi_2016b,
   author = {Miyoshi, Takemasa and Kunii, Masaru and Ruiz, Juan and Lien, Guo-Yuan and Satoh, Shinsuke and Ushio, Tomoo and Bessho, Kotaro and Seko, Hiromu and Tomita, Hirofumi and Ishikawa, Yutaka},
   title = {“Big Data Assimilation” Revolutionizing Severe Weather Prediction},
   journal = {Bulletin of the American Meteorological Society},
   volume = {97},
   number = {8},
   pages = {1347-1354},
   ISSN = {0003-0007},
   DOI = {10.1175/bams-d-15-00144.1},
   url = {https://dx.doi.org/10.1175/bams-d-15-00144.1},
   year = {2016},
   type = {Journal Article}
}

@article{Miyoshi_2016,
   author = {Miyoshi, Takemasa and Lien, Guo-Yuan and Satoh, Shinsuke and Ushio, Tomoo and Bessho, Kotaro and Tomita, Hirofumi and Nishizawa, Seiya and Yoshida, Ryuji and Adachi, Sachiho A. and Liao, Jianwei and Gerofi, Balazs and Ishikawa, Yutaka and Kunii, Masaru and Ruiz, Juan and Maejima, Yasumitsu and Otsuka, Shigenori and Otsuka, Michiko and Okamoto, Kozo and Seko, Hiromu},
   title = {“Big Data Assimilation” Toward Post-Petascale Severe Weather Prediction: An Overview and Progress},
   journal = {Proceedings of the IEEE},
   volume = {104},
   number = {11},
   pages = {2155-2179},
   ISSN = {0018-9219},
   DOI = {10.1109/jproc.2016.2602560},
   url = {https://dx.doi.org/10.1109/jproc.2016.2602560},
   year = {2016},
   type = {Journal Article}
}

@article{Mizzi_2016,
   author = {Mizzi, Arthur P. and Avelino, F. and Edwards, David P. and Anderson, Jeffrey L. and Pfister, Gabriele G.},
   title = {Assimilating compact phase space retrievals of atmospheric composition with WRF-Chem/DART: a regional chemical transport/ensemble Kalman filter data assimilation system},
   journal = {Geoscientific Model Development},
   volume = {9},
   number = {3},
   pages = {965-978},
   ISSN = {1991-9603},
   DOI = {10.5194/gmd-9-965-2016},
   url = {https://dx.doi.org/10.5194/gmd-9-965-2016},
   year = {2016},
   type = {Journal Article}
}

@article{Mo_2018,
   author = {Mo, Ziwei and Shao, Min and Liu, Ying and Xiang, Yang and Wang, Ming and Lu, Sihua and Ou, Jiamin and Zheng, Junyu and Li, Meng and Zhang, Qiang and Wang, Xuemei and Zhong, Liuju},
   title = {Species-specified VOC emissions derived from a gridded study in the Pearl River Delta, China},
   journal = {Scientific Reports},
   volume = {8},
   number = {1},
   ISSN = {2045-2322},
   DOI = {10.1038/s41598-018-21296-y},
   url = {https://dx.doi.org/10.1038/s41598-018-21296-y},
   year = {2018},
   type = {Journal Article}
}

@article{Necker_2020,
   author = {Necker, Tobias and Geiss, Stefan and Weissmann, Martin and Ruiz, Juan and Miyoshi, Takemasa and Lien, Guo‐Yuan},
   title = {A convective‐scale 1,000‐member ensemble simulation and potential applications},
   journal = {Quarterly Journal of the Royal Meteorological Society},
   volume = {146},
   number = {728},
   pages = {1423-1442},
   ISSN = {0035-9009},
   DOI = {10.1002/qj.3744},
   url = {https://dx.doi.org/10.1002/qj.3744},
   year = {2020},
   type = {Journal Article}
}

@article{Necker_2019,
   author = {Necker, Tobias and Weissmann, Martin and Ruckstuhl, Yvonne and Anderson, Jeffrey and Miyoshi, Takemasa},
   title = {Sampling Error Correction Evaluated Using a Convective-Scale 1000-Member Ensemble},
   journal = {Monthly Weather Review},
   volume = {148},
   number = {3},
   pages = {1229-1249},
   ISSN = {0027-0644},
   DOI = {10.1175/mwr-d-19-0154.1},
   url = {https://dx.doi.org/10.1175/mwr-d-19-0154.1},
   year = {2019},
   type = {Journal Article}
}

@article{Nie_2022,
   author = {Nie, W. and Yan, C. and Huang, D. D. and Wang, Z. and Liu, Y. L. and Qiao, X. H. and Guo, Y. S. and Tian, L. H. and Zheng, P. G. and Xu, Z. N. and Li, Y. Y. and Xu, Z. and Qi, X. M. and Sun, P. and Wang, J. P. and Zheng, F. X. and Li, X. X. and Yin, R. J. and Dallenbach, K. R. and Bianchi, F. and Petaja, T. and Zhang, Y. J. and Wang, M. Y. and Schervish, M. and Wang, S. N. and Qiao, L. P. and Wang, Q. and Zhou, M. and Wang, H. L. and Yu, C. A. and Yao, D. W. and Guo, H. and Ye, P. L. and Lee, S. C. and Li, Y. J. and Liu, Y. C. and Chi, X. G. and Kerminen, V. M. and Ehn, M. and Donahue, N. M. and Wang, T. and Huang, C. and Kulmala, M. and Worsnop, D. and Jiang, J. K. and Ding, A. J.},
   title = {Secondary organic aerosol formed by condensing anthropogenic vapours over China's megacities},
   journal = {Nature Geoscience},
   volume = {15},
   number = {4},
   pages = {255-+},
   ISSN = {1752-0894},
   DOI = {10.1038/s41561-022-00922-5},
   url = {<Go to ISI>://WOS:000781177500003},
   year = {2022},
   type = {Journal Article}
}

@article{Oak_2022,
   author = {Oak, Yujin J. and Park, Rokjin J. and Jo, Duseong S. and Hodzic, Alma and Jimenez, Jose L. and Campuzano‐Jost, Pedro and Nault, Benjamin A. and Kim, Hwajin and Kim, Hyeonmin and Ha, Eunjo S. and Song, Chang‐Keun and Yi, Seung‐Muk and Diskin, Glenn S. and Weinheimer, Andrew J. and Blake, Donald R. and Wisthaler, Armin and Shim, Mihee and Shin, Yoonmi},
   title = {Evaluation of Secondary Organic Aerosol (SOA) Simulations for Seoul, Korea},
   journal = {Journal of Advances in Modeling Earth Systems},
   volume = {14},
   number = {2},
   ISSN = {1942-2466},
   DOI = {10.1029/2021ms002760},
   url = {https://dx.doi.org/10.1029/2021ms002760},
   year = {2022},
   type = {Journal Article}
}

@article{Okazaki_2021,
   author = {Okazaki, Atsushi and Miyoshi, Takemasa and Yoshimura, Kei and Greybush, Steven J. and Zhang, Fuqing},
   title = {Revisiting Online and Offline Data Assimilation Comparison for Paleoclimate Reconstruction: An Idealized OSSE Study},
   journal = {Journal of Geophysical Research: Atmospheres},
   volume = {126},
   number = {16},
   ISSN = {2169-897X},
   DOI = {10.1029/2020jd034214},
   url = {https://dx.doi.org/10.1029/2020jd034214},
   year = {2021},
   type = {Journal Article}
}

@article{Pagowski_2012,
   author = {Pagowski, M. and Grell, G. A.},
   title = {Experiments with the assimilation of fine aerosols using an ensemble Kalman filter},
   journal = {Journal of Geophysical Research-Atmospheres},
   volume = {117},
   number = {D21},
   pages = {n/a-n/a},
   ISSN = {2169-897x},
   DOI = {Artn D21302
10.1029/2012jd018333},
   url = {<Go to ISI>://WOS:000310964300002},
   year = {2012},
   type = {Journal Article}
}

@article{Pagowski_2010,
   author = {Pagowski, M. and Grell, G. A. and McKeen, S. A. and Peckham, S. E. and Devenyi, D.},
   title = {Three-dimensional variational data assimilation of ozone and fine particulate matter observations: some results using the Weather Research and Forecasting - Chemistry model and Grid-point Statistical Interpolation},
   journal = {Quarterly Journal of the Royal Meteorological Society},
   volume = {136},
   number = {653},
   pages = {2013-2024},
   ISSN = {0035-9009},
   DOI = {10.1002/qj.700},
   url = {<Go to ISI>://WOS:000285312900007},
   year = {2010},
   type = {Journal Article}
}

@article{Pagowski_2014,
   author = {Pagowski, M. and Liu, Z. and Grell, G. A. and Hu, M. and Lin, H. C. and Schwartz, C. S.},
   title = {Implementation of aerosol assimilation in Gridpoint Statistical Interpolation (v. 3.2) and WRF-Chem (v. 3.4.1)},
   journal = {Geoscientific Model Development},
   volume = {7},
   number = {4},
   pages = {1621-1627},
   ISSN = {1991-959x},
   DOI = {10.5194/gmd-7-1621-2014},
   url = {<Go to ISI>://WOS:000341603900022},
   year = {2014},
   type = {Journal Article}
}

@article{Pang_2021,
   author = {Pang, Jiongming and Wang, Xuemei},
   title = {The impacts of background error covariance on particulate matter assimilation and forecast: An ideal case study with a modal aerosol model over China},
   journal = {Science of The Total Environment},
   volume = {786},
   pages = {147417},
   ISSN = {0048-9697},
   DOI = {10.1016/j.scitotenv.2021.147417},
   url = {https://dx.doi.org/10.1016/j.scitotenv.2021.147417},
   year = {2021},
   type = {Journal Article}
}

@article{Park_2022,
   author = {Park, Soon-Young and Dash, Uzzal Kumar and Yu, Jinhyeok},
   title = {Length Scale Analyses of Background Error Covariances for EnKF and EnSRF Data Assimilation},
   journal = {Atmosphere},
   volume = {13},
   number = {2},
   pages = {160},
   ISSN = {2073-4433},
   DOI = {10.3390/atmos13020160},
   url = {https://dx.doi.org/10.3390/atmos13020160},
   year = {2022},
   type = {Journal Article}
}

@article{Pauluis_2002,
   author = {Pauluis, Olivier and Held, Isaac M.},
   title = {Entropy Budget of an Atmosphere in Radiative–Convective Equilibrium. Part I: Maximum Work and Frictional Dissipation},
   journal = {Journal of the Atmospheric Sciences},
   volume = {59},
   number = {2},
   pages = {125-139},
   ISSN = {0022-4928},
   DOI = {10.1175/1520-0469(2002)059<0125:eboaai>2.0.co;2},
   url = {https://dx.doi.org/10.1175/1520-0469(2002)059<0125:eboaai>2.0.co;2},
   year = {2002},
   type = {Journal Article}
}

@article{Peng_2023,
   author = {Peng, Zhen and Kou, Xingxia and Zhang, Meigen and Lei, Lili and Miao, Shiguang and Wang, Hengmao and Jiang, Fei and Han, Xiao and Fang, Shuangxi},
   title = {CO <sub>2</sub> Flux Inversion With a Regional Joint Data Assimilation System Based on CMAQ, EnKS, and Surface Observations},
   journal = {Journal of Geophysical Research: Atmospheres},
   volume = {128},
   number = {3},
   ISSN = {2169-897X},
   DOI = {10.1029/2022jd037154},
   url = {https://dx.doi.org/10.1029/2022jd037154},
   year = {2023},
   type = {Journal Article}
}

@article{Peng_2020,
   author = {Peng, Z. and Lei, L. L. and Liu, Z. Q. and Liu, H. N. and Chu, K. K. and Kou, X. X.},
   title = {Impact of Assimilating Meteorological Observations on Source Emissions Estimate and Chemical Simulations},
   journal = {Geophysical Research Letters},
   volume = {47},
   number = {20},
   ISSN = {0094-8276},
   DOI = {ARTN e2020GL089030
10.1029/2020GL089030},
   url = {<Go to ISI>://WOS:000586497000049},
   year = {2020},
   type = {Journal Article}
}

@article{Peng_2018,
   author = {Peng, Z. and Lei, L. L. and Liu, Z. Q. and Su, J. N. and Ding, A. J. and Ban, J. M. and Chen, D. and Kou, X. X. and Chu, K. K.},
   title = {The impact of multi-species surface chemical observation assimilation on air quality forecasts in China},
   journal = {Atmospheric Chemistry and Physics},
   volume = {18},
   number = {23},
   pages = {17387-17404},
   ISSN = {1680-7316},
   DOI = {10.5194/acp-18-17387-2018},
   url = {<Go to ISI>://WOS:000452384100003},
   year = {2018},
   type = {Journal Article}
}

@article{Peng_2017,
   author = {Peng, Zhen and Liu, Zhiquan and Chen, Dan and Ban, Junmei},
   title = {Improving PM<sub>2. 5</sub> forecast over China by the joint adjustment of initial conditions and source emissions with an ensemble Kalman filter},
   journal = {Atmospheric Chemistry and Physics},
   volume = {17},
   number = {7},
   pages = {4837-4855},
   ISSN = {1680-7324},
   DOI = {10.5194/acp-17-4837-2017},
   url = {https://dx.doi.org/10.5194/acp-17-4837-2017},
   year = {2017},
   type = {Journal Article}
}

@article{Peng_2015,
   author = {Peng, Z. and Zhang, M. and Kou, X. and Tian, X. and Ma, X.},
   title = {A regional carbon data assimilation system and its preliminary evaluation in East Asia},
   journal = {Atmospheric Chemistry and Physics},
   volume = {15},
   number = {2},
   pages = {1087-1104},
   ISSN = {1680-7324},
   DOI = {10.5194/acp-15-1087-2015},
   url = {https://dx.doi.org/10.5194/acp-15-1087-2015},
   year = {2015},
   type = {Journal Article}
}

@article{Penny_2019,
   author = {Penny, S. G. and Bach, E. and Bhargava, K. and Chang, C. C. and Da, C. and Sun, L. and Yoshida, T.},
   title = {Strongly Coupled Data Assimilation in Multiscale Media: Experiments Using a Quasi-Geostrophic Coupled Model},
   journal = {Journal of Advances in Modeling Earth Systems},
   volume = {11},
   number = {6},
   pages = {1803-1829},
   ISSN = {1942-2466},
   DOI = {10.1029/2019ms001652},
   url = {<Go to ISI>://WOS:000478811200015},
   year = {2019},
   type = {Journal Article}
}

@article{Penny_2017,
   author = {Penny, S. G. and Hamill, T. M.},
   title = {Coupled Data Assimilation for Integrated Earth System Analysis and Prediction},
   journal = {Bulletin of the American Meteorological Society},
   volume = {98},
   number = {7},
   pages = {Es169-Es172},
   ISSN = {0003-0007},
   DOI = {10.1175/Bams-D-17-0036.1},
   url = {<Go to ISI>://WOS:000406502800002},
   year = {2017},
   type = {Journal Article}
}

@article{Phillips_1957,
   author = {Phillips, N. A.},
   title = {A Coordinate System Having Some Special Advantages for Numerical Forecasting},
   journal = {Journal of Meteorology},
   volume = {14},
   number = {2},
   pages = {184-185},
   ISSN = {0095-9634},
   DOI = {Doi 10.1175/1520-0469(1957)014<0184:Acshss>2.0.Co;2},
   url = {<Go to ISI>://WOS:A1957WS36100011},
   year = {1957},
   type = {Journal Article}
}

@article{Qu_2017,
   author = {Qu, Y. and Chen, B. J. and Ming, J. and Lynn, B. H. and Yang, M. J.},
   title = {Aerosol Impacts on the Structure, Intensity, and Precipitation of the Landfalling Typhoon Saomai (2006)},
   journal = {Journal of Geophysical Research-Atmospheres},
   volume = {122},
   number = {21},
   pages = {11825-11842},
   ISSN = {2169-897X},
   DOI = {10.1002/2017jd027151},
   url = {<Go to ISI>://WOS:000417195500037},
   year = {2017},
   type = {Journal Article}
}

@article{Raanes_2019,
   author = {Raanes, Patrick N. and Bocquet, Marc and Carrassi, Alberto},
   title = {Adaptive covariance inflation in the ensemble Kalman filter by Gaussian scale mixtures},
   journal = {Quarterly Journal of the Royal Meteorological Society},
   volume = {145},
   number = {718},
   pages = {53-75},
   ISSN = {0035-9009},
   DOI = {10.1002/qj.3386},
   url = {https://dx.doi.org/10.1002/qj.3386},
   year = {2019},
   type = {Journal Article}
}

@article{Reichstein_2019,
   author = {Reichstein, Markus and Camps-Valls, Gustau and Stevens, Bjorn and Jung, Martin and Denzler, Joachim and Carvalhais, Nuno and Prabhat},
   title = {Deep learning and process understanding for data-driven Earth system science},
   journal = {Nature},
   volume = {566},
   number = {7743},
   pages = {195-204},
   ISSN = {0028-0836},
   DOI = {10.1038/s41586-019-0912-1},
   url = {https://dx.doi.org/10.1038/s41586-019-0912-1},
   year = {2019},
   type = {Journal Article}
}

@article{Ren_2019,
   author = {Ren, Sijing and Lei, Lili and Tan, Zhe-Min and Zhang, Yi},
   title = {Multivariate Ensemble Sensitivity Analysis for Super Typhoon Haiyan (2013)},
   journal = {Monthly Weather Review},
   volume = {147},
   number = {9},
   pages = {3467-3480},
   ISSN = {0027-0644},
   DOI = {10.1175/mwr-d-19-0074.1},
   url = {https://dx.doi.org/10.1175/mwr-d-19-0074.1},
   year = {2019},
   type = {Journal Article}
}

@article{Rosenfeld_2007,
   author = {Rosenfeld, D. and Khain, A. and Lynn, B. and Woodley, W. L.},
   title = {Simulation of hurricane response to suppression of warm rain by sub-micron aerosols},
   journal = {Atmospheric Chemistry and Physics},
   volume = {7},
   number = {13},
   pages = {3411-3424},
   ISSN = {1680-7316},
   DOI = {10.5194/acp-7-3411-2007},
   url = {<Go to ISI>://WOS:000248733000003},
   year = {2007},
   type = {Journal Article}
}

@article{Rosenfeld_2008,
   author = {Rosenfeld, D. and Lohmann, U. and Raga, G. B. and O'Dowd, C. D. and Kulmala, M. and Fuzzi, S. and Reissell, A. and Andreae, M. O.},
   title = {Flood or drought: How do aerosols affect precipitation?},
   journal = {Science},
   volume = {321},
   number = {5894},
   pages = {1309-1313},
   ISSN = {0036-8075},
   DOI = {10.1126/science.1160606},
   url = {<Go to ISI>://WOS:000258914300038},
   year = {2008},
   type = {Journal Article}
}

@article{Rosenfeld_2012,
   author = {Rosenfeld, D. and Woodley, W. L. and Khain, A. and Cotton, W. R. and Carrio, G. and Ginis, I. and Golden, J. H.},
   title = {Aerosol Effects on Microstructure and Intensity of Tropical Cyclones},
   journal = {Bulletin of the American Meteorological Society},
   volume = {93},
   number = {7},
   pages = {987-1001},
   ISSN = {0003-0007},
   DOI = {10.1175/Bams-D-11-00147.1},
   url = {<Go to ISI>://WOS:000306806100004},
   year = {2012},
   type = {Journal Article}
}

@article{Ruiz_2021,
   author = {Ruiz, Juan and Lien, Guo-Yuan and Kondo, Keiichi and Otsuka, Shigenori and Miyoshi, Takemasa},
   title = {Reduced non-Gaussianity by 30 s rapid update in convective-scale numerical weather prediction},
   journal = {Nonlinear Processes in Geophysics},
   volume = {28},
   number = {4},
   pages = {615-626},
   ISSN = {1607-7946},
   DOI = {10.5194/npg-28-615-2021},
   url = {https://dx.doi.org/10.5194/npg-28-615-2021},
   year = {2021},
   type = {Journal Article}
}

@article{Ruiz_2013,
   author = {Ruiz, Juan Jose and Pulido, Manuel and Miyoshi, Takemasa},
   title = {Estimating Model Parameters with Ensemble-Based Data Assimilation: A Review},
   journal = {Journal of the Meteorological Society of Japan. Ser. II},
   volume = {91},
   number = {2},
   pages = {79-99},
   ISSN = {0026-1165},
   DOI = {10.2151/jmsj.2013-201},
   url = {https://dx.doi.org/10.2151/jmsj.2013-201},
   year = {2013},
   type = {Journal Article}
}

@article{Sakov_2012,
   author = {Sakov, Pavel and Oliver, Dean S. and Bertino, Laurent},
   title = {An Iterative EnKF for Strongly Nonlinear Systems},
   journal = {Monthly Weather Review},
   volume = {140},
   number = {6},
   pages = {1988-2004},
   ISSN = {0027-0644},
   DOI = {10.1175/mwr-d-11-00176.1},
   url = {https://dx.doi.org/10.1175/mwr-d-11-00176.1},
   year = {2012},
   type = {Journal Article}
}

@article{Sandu_2011,
   author = {Sandu, A. and Chai, T. F.},
   title = {Chemical Data Assimilation-An Overview},
   journal = {Atmosphere},
   volume = {2},
   number = {3},
   pages = {426-463},
   ISSN = {2073-4433},
   DOI = {10.3390/atmos2030426},
   url = {<Go to ISI>://WOS:000208732300011},
   year = {2011},
   type = {Journal Article}
}

@article{Sawada_2019,
   author = {Sawada, Yohei and Okamoto, Kozo and Kunii, Masaru and Miyoshi, Takemasa},
   title = {Assimilating Every‐10‐minute Himawari‐8 Infrared Radiances to Improve Convective Predictability},
   journal = {Journal of Geophysical Research: Atmospheres},
   volume = {124},
   number = {5},
   pages = {2546-2561},
   ISSN = {2169-897X},
   DOI = {10.1029/2018jd029643},
   url = {https://dx.doi.org/10.1029/2018jd029643},
   year = {2019},
   type = {Journal Article}
}

@article{Schultz_2022c,
   author = {Schultz, D. M.},
   title = {How Journal of Climate Evolved from Monthly Weather Review},
   journal = {Monthly Weather Review},
   volume = {150},
   number = {3},
   pages = {465-466},
   ISSN = {0027-0644},
   DOI = {10.1175/Mwr-D-22-0042.1},
   url = {<Go to ISI>://WOS:000796254200001},
   year = {2022},
   type = {Journal Article}
}

@article{Schultz_2022b,
   author = {Schultz, David M.},
   title = {How to Be a More Effective Reviewer},
   journal = {Monthly Weather Review},
   volume = {150},
   number = {6},
   pages = {1201-1205},
   ISSN = {0027-0644},
   DOI = {10.1175/mwr-d-22-0102.1},
   url = {https://dx.doi.org/10.1175/mwr-d-22-0102.1},
   year = {2022},
   type = {Journal Article}
}

@article{Schultz_2022,
   author = {Schultz, D. M. and Potter, S.},
   title = {Monthly Weather Review at 150 Years: Its History, Impact, and Legacy},
   journal = {Monthly Weather Review},
   volume = {150},
   number = {1},
   pages = {3-57},
   ISSN = {0027-0644},
   DOI = {10.1175/Mwr-D-21-0267.1},
   url = {<Go to ISI>://WOS:000808547000001},
   year = {2022},
   type = {Journal Article}
}

@article{Schwartz_2014,
   author = {Schwartz, C. S. and Liu, Z. Q. and Lin, H. C. and Cetola, J. D.},
   title = {Assimilating aerosol observations with a "hybrid" variational-ensemble data assimilation system},
   journal = {Journal of Geophysical Research-Atmospheres},
   volume = {119},
   number = {7},
   pages = {4043-4069},
   ISSN = {2169-897x},
   DOI = {10.1002/2013jd020937},
   url = {<Go to ISI>://WOS:000334908300024},
   year = {2014},
   type = {Journal Article}
}

@article{Schwartz_2012,
   author = {Schwartz, C. S. and Liu, Z. Q. and Lin, H. C. and McKeen, S. A.},
   title = {Simultaneous three-dimensional variational assimilation of surface fine particulate matter and MODIS aerosol optical depth},
   journal = {Journal of Geophysical Research-Atmospheres},
   volume = {117},
   number = {D13},
   pages = {n/a-n/a},
   ISSN = {2169-897x},
   DOI = {Artn D13202
10.1029/2011jd017383},
   url = {<Go to ISI>://WOS:000306236800002},
   year = {2012},
   type = {Journal Article}
}

@article{Simon_2015,
   author = {Simon, Heather and Reff, Adam and Wells, Benjamin and Xing, Jia and Frank, Neil},
   title = {Ozone Trends Across the United States over a Period of Decreasing NOx and VOC Emissions},
   journal = {Environmental Science\& Technology},
   volume = {49},
   number = {1},
   pages = {186-195},
   ISSN = {0013-936X},
   DOI = {10.1021/es504514z},
   url = {https://dx.doi.org/10.1021/es504514z},
   year = {2015},
   type = {Journal Article}
}

@article{Sluka_2016,
   author = {Sluka, T. C. and Penny, S. G. and Kalnay, E. and Miyoshi, T.},
   title = {Assimilating atmospheric observations into the ocean using strongly coupled ensemble data assimilation},
   journal = {Geophysical Research Letters},
   volume = {43},
   number = {2},
   pages = {752-759},
   ISSN = {0094-8276},
   DOI = {10.1002/2015gl067238},
   url = {<Go to ISI>://WOS:000372056400033},
   year = {2016},
   type = {Journal Article}
}

@article{Stevens_2001,
   author = {Stevens, B. and Lenschow, D. H.},
   title = {Observations, experiments, and large eddy simulation},
   journal = {Bulletin of the American Meteorological Society},
   volume = {82},
   number = {2},
   pages = {283-294},
   ISSN = {0003-0007},
   DOI = {10.1175/1520-0477(2001)082<0283:Oeales>2.3.Co;2},
   url = {<Go to ISI>://WOS:000166742900005},
   year = {2001},
   type = {Journal Article}
}

@article{Streets_2013,
   author = {Streets, David G. and Canty, Timothy and Carmichael, Gregory R. and De Foy, Benjamin and Dickerson, Russell R. and Duncan, Bryan N. and Edwards, David P. and Haynes, John A. and Henze, Daven K. and Houyoux, Marc R. and Jacob, Daniel J. and Krotkov, Nickolay A. and Lamsal, Lok N. and Liu, Yang and Lu, Zifeng and Martin, Randall V. and Pfister, Gabriele G. and Pinder, Robert W. and Salawitch, Ross J. and Wecht, Kevin J.},
   title = {Emissions estimation from satellite retrievals: A review of current capability},
   journal = {Atmospheric Environment},
   volume = {77},
   pages = {1011-1042},
   ISSN = {1352-2310},
   DOI = {10.1016/j.atmosenv.2013.05.051},
   url = {https://dx.doi.org/10.1016/j.atmosenv.2013.05.051},
   year = {2013},
   type = {Journal Article}
}

@article{Sun_2021,
   author = {Sun, Haochen and Fung, Jimmy C. H. and Chen, Yiang and Chen, Wanying and Li, Zhenning and Huang, Yeqi and Lin, Changqing and Hu, Mingyun and Lu, Xingcheng},
   title = {Improvement of PM2.5 and O3 forecasting by integration of 3D numerical simulation with deep learning techniques},
   journal = {Sustainable Cities and Society},
   volume = {75},
   pages = {103372},
   ISSN = {2210-6707},
   DOI = {10.1016/j.scs.2021.103372},
   url = {https://dx.doi.org/10.1016/j.scs.2021.103372},
   year = {2021},
   type = {Journal Article}
}

@article{Sun_2022b,
   author = {Sun, Haohao and Lei, Lili and Liu, Zhengyu and Ning, Liang and Tan, Zhe‐Min},
   title = {An Analog Offline EnKF for Paleoclimate Data Assimilation},
   journal = {Journal of Advances in Modeling Earth Systems},
   volume = {14},
   number = {5},
   ISSN = {1942-2466},
   DOI = {10.1029/2021ms002674},
   url = {https://dx.doi.org/10.1029/2021ms002674},
   year = {2022},
   type = {Journal Article}
}

@article{Sun_2020,
   author = {Sun, J. Z. and Liu, Z. Y. and Lu, F. Y. and Zhang, W. M. and Zhang, S. Q.},
   title = {Strongly Coupled Data Assimilation Using Leading Averaged Coupled Covariance (LACC). Part III: Assimilation of Real World Reanalysis},
   journal = {Monthly Weather Review},
   volume = {148},
   number = {6},
   pages = {2351-2364},
   ISSN = {0027-0644},
   DOI = {10.1175/Mwr-D-19-0304.1},
   url = {<Go to ISI>://WOS:000612527200007},
   year = {2020},
   type = {Journal Article}
}

@article{Sun_2022,
   author = {Sun, L. H. and Cao, L. and Ding, H. Y. and Gao, M. M. and Li, S. M. and Chen, G.},
   title = {Influence of using different chemical mechanisms on simulations of ozone and its precursors in the troposphere of Shanghai, China},
   journal = {Atmospheric Environment},
   volume = {289},
   ISSN = {1352-2310},
   DOI = {10.1016/j.atmosenv.2022.119299},
   url = {<Go to ISI>://WOS:000848545600004},
   year = {2022},
   type = {Journal Article}
}

@article{Tan_2018,
   author = {Tan, Z. F. and Lu, K. D. and Jiang, M. Q. and Su, R. and Dong, H. B. and Zeng, L. M. and Xie, S. D. and Tan, Q. W. and Zhang, Y. H.},
   title = {Exploring ozone pollution in Chengdu, southwestern China: A case study from radical chemistry to O-3-VOC-NOx sensitivity},
   journal = {Science of the Total Environment},
   volume = {636},
   pages = {775-786},
   ISSN = {0048-9697},
   DOI = {10.1016/j.scitotenv.2018.04.286},
   url = {<Go to ISI>://WOS:000436599000075},
   year = {2018},
   type = {Journal Article}
}

@article{Tan_2004,
   author = {Tan, Z. M. and Zhang, F. Q. and Rotunno, R. and Snyder, C.},
   title = {Mesoscale predictability of moist baroclinic waves: Experiments with parameterized convection},
   journal = {Journal of the Atmospheric Sciences},
   volume = {61},
   number = {14},
   pages = {1794-1804},
   ISSN = {0022-4928},
   DOI = {Doi 10.1175/1520-0469(2004)061<1794:Mpombw>2.0.Co;2},
   url = {<Go to ISI>://WOS:000222907400011},
   year = {2004},
   type = {Journal Article}
}

@article{Tan_2022,
   author = {Tan, Zhe-Min and Lei, Lili and Wang, Yuqing and Xu, Yinglong and Zhang, Yi},
   title = {Typhoon Track, Intensity, and Structure: From Theory to Prediction},
   journal = {Advances in Atmospheric Sciences},
   volume = {39},
   number = {11},
   pages = {1789-1799},
   ISSN = {0256-1530},
   DOI = {10.1007/s00376-022-2212-1},
   url = {https://dx.doi.org/10.1007/s00376-022-2212-1},
   year = {2022},
   type = {Journal Article}
}

@article{Tang_2016,
   author = {Tang, Xiao and Zhu, Jiang and Wang, ZiFa and Gbaguidi, Alex and Lin, CaiYan and Xin, JinYuan and Song, Tao and Hu, Bo},
   title = {Limitations of ozone data assimilation with adjustment of NO<sub><i>x</i></sub> emissions: mixed effects on NO<sub>2</sub> forecasts over Beijing and surrounding areas},
   journal = {Atmospheric Chemistry and Physics},
   volume = {16},
   number = {10},
   pages = {6395-6405},
   ISSN = {1680-7324},
   DOI = {10.5194/acp-16-6395-2016},
   url = {https://dx.doi.org/10.5194/acp-16-6395-2016},
   year = {2016},
   type = {Journal Article}
}

@article{Tang_2011,
   author = {Tang, X. and Zhu, J. and Wang, Z. F. and Gbaguidi, A.},
   title = {Improvement of ozone forecast over Beijing based on ensemble Kalman filter with simultaneous adjustment of initial conditions and emissions},
   journal = {Atmospheric Chemistry and Physics},
   volume = {11},
   number = {24},
   pages = {12901-12916},
   ISSN = {1680-7316},
   DOI = {10.5194/acp-11-12901-2011},
   url = {<Go to ISI>://WOS:000298667600023},
   year = {2011},
   type = {Journal Article}
}

@article{Tang_2013,
   author = {Tang, X. and Zhu, J. and Wang, Z. F. and Wang, M. and Gbaguidi, A. and Li, J. and Shao, M. and Tang, G. Q. and Ji, D. S.},
   title = {Inversion of CO emissions over Beijing and its surrounding areas with ensemble Kalman filter},
   journal = {Atmospheric Environment},
   volume = {81},
   pages = {676-686},
   ISSN = {1352-2310},
   DOI = {10.1016/j.atmosenv.2013.08.051},
   url = {<Go to ISI>://WOS:000329377600073
https://www.sciencedirect.com/science/article/pii/S1352231013006717?via%3Dihub},
   year = {2013},
   type = {Journal Article}
}

@article{Tang_2007,
   author = {Tang, Y. H. and Carmichael, G. R. and Thongboonchoo, N. and Chai, T. F. and Horowitz, L. W. and Pierce, R. B. and Al-Saadi, J. A. and Pfister, G. and Vukovich, J. M. and Avery, M. A. and Sachse, G. W. and Ryerson, T. B. and Holloway, J. S. and Atlas, E. L. and Flocke, F. M. and Weber, R. J. and Huey, L. G. and Dibb, J. E. and Streets, D. G. and Brune, W. H.},
   title = {Influence of lateral and top boundary conditions on regional air quality prediction: A multiscale study coupling regional and global chemical transport models},
   journal = {Journal of Geophysical Research-Atmospheres},
   volume = {112},
   number = {D10},
   ISSN = {2169-897x},
   DOI = {Artn D10s18
10.1029/2006jd007515},
   url = {<Go to ISI>://WOS:000246143200001},
   year = {2007},
   type = {Journal Article}
}

@article{Monks_2015,
   author = {Monks, P. S. and Archibald, A. T. and Colette, A. and Cooper, O. and Coyle, M. and Derwent, R. and Fowler, D. and Granier, C. and Law, K. S. and Mills, G. E. and Stevenson, D. S. and Tarasova, O. and Thouret, V. and Von Schneidemesser, E. and Sommariva, R. and Wild, O. and Williams, M. L.},
   title = {Tropospheric ozone and its precursors from the urban to the global scale from air quality to short-lived climate forcer},
   journal = {Atmospheric Chemistry and Physics},
   volume = {15},
   number = {15},
   pages = {8889-8973},
   ISSN = {1680-7324},
   DOI = {10.5194/acp-15-8889-2015},
   url = {https://dx.doi.org/10.5194/acp-15-8889-2015},
   year = {2015},
   type = {Journal Article}
}




@article{Taylor_2021,
   author = {Taylor, James and Okazaki, Atsushi and Honda, Takumi and Kotsuki, Shunji and Yamaji, Moeka and Kubota, Takuji and Oki, Riko and Iguchi, Toshio and Miyoshi, Takemasa},
   title = {Oversampling Reflectivity Observations From a Geostationary Precipitation Radar Satellite: Impact on Typhoon Forecasts Within a Perfect Model OSSE Framework},
   journal = {Journal of Advances in Modeling Earth Systems},
   volume = {13},
   number = {7},
   ISSN = {1942-2466},
   DOI = {10.1029/2020ms002332},
   url = {https://dx.doi.org/10.1029/2020ms002332},
   year = {2021},
   type = {Journal Article}
}

@article{Thurman_1988,
   author = {Thurman, W. N. and Fisher, M. E.},
   title = {CHICKENS, EGGS, AND CAUSALITY, OR WHICH CAME 1ST},
   journal = {American Journal of Agricultural Economics},
   volume = {70},
   number = {2},
   pages = {237-238},
   ISSN = {0002-9092},
   DOI = {10.2307/1242062},
   url = {<Go to ISI>://WOS:A1988N802000003},
   year = {1988},
   type = {Journal Article}
}

@article{Toth_1997,
   author = {Toth, Z. and Kalnay, E.},
   title = {Ensemble forecasting at NCEP and the breeding method},
   journal = {Monthly Weather Review},
   volume = {125},
   number = {12},
   pages = {3297-3319},
   ISSN = {0027-0644},
   DOI = {Doi 10.1175/1520-0493(1997)125<3297:Efanat>2.0.Co;2},
   url = {<Go to ISI>://WOS:A1997YJ55500014},
   year = {1997},
   type = {Journal Article}
}

@article{Ushio_2021,
   author = {Ushio, Tomoo},
   title = {Phased array weather radar for heavy precipitation measurements with high resolution},
   journal = {Electrical Engineering in Japan},
   volume = {214},
   number = {2},
   ISSN = {0424-7760},
   DOI = {10.1002/eej.23312},
   url = {https://dx.doi.org/10.1002/eej.23312},
   year = {2021},
   type = {Journal Article}
}

@article{Valari_2008,
   author = {Valari, Myrto and Menut, Laurent},
   title = {Does an Increase in Air Quality Models’ Resolution Bring Surface Ozone Concentrations Closer to Reality?},
   journal = {Journal of Atmospheric and Oceanic Technology},
   volume = {25},
   number = {11},
   pages = {1955-1968},
   ISSN = {1520-0426},
   DOI = {10.1175/2008jtecha1123.1},
   url = {https://dx.doi.org/10.1175/2008jtecha1123.1},
   year = {2008},
   type = {Journal Article}
}

@article{Wang_2013,
   author = {Wang, J. and Yan, Z. W. and Jones, P. D. and Xia, J. J.},
   title = {On "observation minus reanalysis" method: A view from multidecadal variability},
   journal = {Journal of Geophysical Research-Atmospheres},
   volume = {118},
   number = {14},
   pages = {7450-7458},
   ISSN = {2169-897x},
   DOI = {10.1002/jgrd.50574},
   url = {<Go to ISI>://WOS:000323120800003},
   year = {2013},
   type = {Journal Article}
}

@article{Wang_2022,
   author = {Wang, Xiaolin and Fu, Tzung‐May and Zhang, Lin and Lu, Xiao and Liu, Xiong and Amnuaylojaroen, Teerachai and Latif, Mohd Talib and Ma, Yaping and Zhang, Lijuan and Feng, Xu and Zhu, Lei and Shen, Huizhong and Yang, Xin},
   title = {Rapidly Changing Emissions Drove Substantial Surface and Tropospheric Ozone Increases Over Southeast Asia},
   journal = {Geophysical Research Letters},
   volume = {49},
   number = {19},
   ISSN = {0094-8276},
   DOI = {10.1029/2022gl100223},
   url = {https://dx.doi.org/10.1029/2022gl100223},
   year = {2022},
   type = {Journal Article}
}

@article{Weiss_2022,
   author = {Weiss, Adam},
   title = {Turning off my phone improved my science},
   journal = {Nature},
   ISSN = {1476-4687},
   DOI = {10.1038/d41586-022-00453-4},
   url = {<Go to ISI>://MEDLINE:35169320},
   year = {2022},
   type = {Journal Article}
}

@article{Whitaker_2002,
   author = {Whitaker, J. S. and Hamill, T. M.},
   title = {Ensemble data assimilation without perturbed observations},
   journal = {Monthly Weather Review},
   volume = {130},
   number = {7},
   pages = {1913-1924},
   ISSN = {0027-0644},
   DOI = {Doi 10.1175/1520-0493(2002)130<1913:Edawpo>2.0.Co;2},
   url = {<Go to ISI>://WOS:000175855800013},
   year = {2002},
   type = {Journal Article}
}

@article{Whitaker_2012,
   author = {Whitaker, Jeffrey S. and Hamill, Thomas M.},
   title = {Evaluating Methods to Account for System Errors in Ensemble Data Assimilation},
   journal = {Monthly Weather Review},
   volume = {140},
   number = {9},
   pages = {3078-3089},
   ISSN = {0027-0644},
   DOI = {10.1175/mwr-d-11-00276.1},
   url = {https://dx.doi.org/10.1175/mwr-d-11-00276.1},
   year = {2012},
   type = {Journal Article}
}

@article{Wilks_1999,
   author = {Wilks, D. S. and Wilby, R. L.},
   title = {The weather generation game: a review of stochastic weather models},
   journal = {Progress in Physical Geography-Earth and Environment},
   volume = {23},
   number = {3},
   pages = {329-357},
   ISSN = {0309-1333},
   DOI = {Doi 10.1177/030913339902300302},
   url = {<Go to ISI>://WOS:000082557200002},
   year = {1999},
   type = {Journal Article}
}

@article{Wu_2022,
   author = {Wu, R. R. and Zhao, Y. and Xia, S. J. and Hu, W. and Xie, F. J. and Zhang, Y. and Sun, J. J. and Yu, H. and An, J. L. and Wang, Y. T.},
   title = {Reconciling the bottom-up methodology and ground measurement constraints to improve the city-scale NMVOCs emission inventory: A case study of Nanjing, China},
   journal = {Science of the Total Environment},
   volume = {812},
   ISSN = {0048-9697},
   DOI = {10.1016/j.scitotenv.2021.152447},
   url = {<Go to ISI>://WOS:000744505200003
https://www.sciencedirect.com/science/article/pii/S0048969721075252?via%3Dihub},
   year = {2022},
   type = {Journal Article}
}

@article{Wu_2021,
   author = {Wu, Xueran and Elbern, Hendrik and Jacob, Birgit},
   title = {The assessment of potential observability for joint chemical states and emissions in atmospheric modelings},
   journal = {Stochastic Environmental Research and Risk Assessment},
   ISSN = {1436-3240},
   DOI = {10.1007/s00477-021-02113-x},
   url = {https://dx.doi.org/10.1007/s00477-021-02113-x},
   year = {2021},
   type = {Journal Article}
}

@article{Wu_2015,
   author = {Wu, Xuecheng and Huang, Weiwei and Zhang, Yongxin and Zheng, Chenghang and Jiang, Xiao and Gao, Xiang and Cen, Kefa},
   title = {Characteristics and Uncertainty of Industrial VOCs Emissions in China},
   journal = {Aerosol and Air Quality Research},
   volume = {15},
   number = {3},
   pages = {1045-1058},
   ISSN = {1680-8584},
   DOI = {10.4209/aaqr.2014.10.0236},
   url = {https://dx.doi.org/10.4209/aaqr.2014.10.0236},
   year = {2015},
   type = {Journal Article}
}

@article{Tang_2010,
   author = {Xiao, Tang and Zifa, Wang and Jiang, Z. H. U. and Qizhong, W. U. and Alex, Gbaguidi},
   title = {Preliminary Application of Monte Carlo Uncertainty Analysis in O3 Simulation},
   journal = {Climatic and Environmental Research},
   volume = {15},
   number = {5},
   pages = {541-550},
   url = {qhhjen/article/abstract/20100502},
   year = {2010},
   type = {Journal Article}
}

@article{Xu_2017,
   author = {Xu, Zhongfeng and Han, Ying and Fu, Congbin},
   title = {Multivariable integrated evaluation of model performance with the vector field evaluation diagram},
   journal = {Geoscientific Model Development},
   volume = {10},
   number = {10},
   pages = {3805-3820},
   ISSN = {1991-9603},
   DOI = {10.5194/gmd-10-3805-2017},
   url = {https://dx.doi.org/10.5194/gmd-10-3805-2017},
   year = {2017},
   type = {Journal Article}
}

@article{Xu_2016,
   author = {Xu, Zhongfeng and Hou, Zhaolu and Han, Ying and Guo, Weidong},
   title = {A diagram for evaluating multiple aspects of model performance in simulating vector fields},
   journal = {Geoscientific Model Development},
   volume = {9},
   number = {12},
   pages = {4365-4380},
   ISSN = {1991-9603},
   DOI = {10.5194/gmd-9-4365-2016},
   url = {https://dx.doi.org/10.5194/gmd-9-4365-2016},
   year = {2016},
   type = {Journal Article}
}

@article{Yang_2020,
   author = {Yang, G. H. and Jo, Y. J. and Lee, H. J. and Song, C. K. and Kim, C. H.},
   title = {Numerical Sensitivity Tests of Volatile Organic Compounds Emission to PM2.5 Formation during Heat Wave Period in 2018 in Two Southeast Korean Cities},
   journal = {Atmosphere},
   volume = {11},
   number = {4},
   pages = {331},
   ISSN = {2073-4433},
   DOI = {ARTN 331
10.3390/atmos11040331},
   url = {<Go to ISI>://WOS:000539492200018},
   year = {2020},
   type = {Journal Article}
}

@inproceedings{Yashiro_xxxx,
   author = {Yashiro, Hisashi and Terasaki, Koji and Kawai, Yuta and Kudo, Shuhei and Miyoshi, Takemasa and Imamura, Toshiyuki and Minami, Kazuo and Inoue, Hikaru and Nishiki, Tatsuo and Saji, Takayuki and Satoh, Masaki and Tomita, Hirofumi},
   title = {A 1024-Member Ensemble Data Assimilation with 3.5-Km Mesh Global Weather Simulations},
   publisher = {IEEE},
   DOI = {10.1109/sc41405.2020.00005},
   url = {https://dx.doi.org/10.1109/sc41405.2020.00005},
   type = {Conference Proceedings}
}

@article{Yin_2015,
   author = {Yin, S. S. and Zheng, J. Y. and Lu, Q. and Yuan, Z. B. and Huang, Z. J. and Zhong, L. J. and Lin, H.},
   title = {A refined 2010-based VOC emission inventory and its improvement on modeling regional ozone in the Pearl River Delta Region, China},
   journal = {Science of the Total Environment},
   volume = {514},
   pages = {426-438},
   ISSN = {0048-9697},
   DOI = {10.1016/j.scitotenv.2015.01.088},
   url = {<Go to ISI>://WOS:000352039500047},
   year = {2015},
   type = {Journal Article}
}

@article{Yu_2020,
   author = {Yu, D. and Tan, Z. F. and Lu, K. D. and Ma, X. F. and Li, X. and Chen, S. Y. and Zhu, B. and Lin, L. L. and Li, Y. T. and Qiu, P. P. and Yang, X. P. and Liu, Y. H. and Wang, H. C. and He, L. Y. and Huang, X. F. and Zhang, Y. H.},
   title = {An explicit study of local ozone budget and NOx-VOCs sensitivity in Shenzhen China},
   journal = {Atmospheric Environment},
   volume = {224},
   ISSN = {1352-2310},
   DOI = {10.1016/j.atmosenv.2020.117304},
   url = {<Go to ISI>://WOS:000525865300018},
   year = {2020},
   type = {Journal Article}
}

@article{Yu_2022,
   author = {Yu, Hui and Chen, Guomin and Zhou, Cong and Wong, Wai Kin and Yang, Mengqi and Xu, Yinglong and Chen, Peiyan and Wan, Rijin and Hu, Xinrong},
   title = {Are We Reaching the Limit of Tropical Cyclone Track Predictability in the Western North Pacific?},
   journal = {Bulletin of the American Meteorological Society},
   volume = {103},
   number = {2},
   pages = {E410-E428},
   ISSN = {0003-0007
1520-0477},
   DOI = {10.1175/bams-d-20-0308.1},
   url = {https://journals.ametsoc.org/view/journals/bams/103/2/BAMS-D-20-0308.1.xml},
   year = {2022},
   type = {Journal Article}
}

@article{Yu_2019,
   author = {Yu, Rucong and Zhang, Yi and Wang, Jianjie and Li, Jian and Chen, Haoming and Gong, Jiandong and Chen, Jing},
   title = {Recent Progress in Numerical Atmospheric Modeling in China},
   journal = {Advances in Atmospheric Sciences},
   volume = {36},
   number = {9},
   pages = {938-960},
   ISSN = {0256-1530},
   DOI = {10.1007/s00376-019-8203-1},
   url = {https://dx.doi.org/10.1007/s00376-019-8203-1},
   year = {2019},
   type = {Journal Article}
}

@article{Zhang_2002,
   author = {Zhang, F. and Snyder, Chris and Rotunno, Richard},
   title = {Mesoscale Predictability of the “Surprise” Snowstorm of 24–25 January 2000},
   journal = {Monthly Weather Review},
   volume = {130},
   number = {6},
   pages = {1617-1632},
   ISSN = {0027-0644},
   DOI = {10.1175/1520-0493(2002)130<1617:mpotss>2.0.co;2},
   year = {2002},
   type = {Journal Article}
}

@article{Zhang_2003,
   author = {Zhang, F. and Snyder, Chris and Rotunno, Richard},
   title = {Effects of Moist Convection on Mesoscale Predictability},
   journal = {Journal of the Atmospheric Sciences},
   volume = {60},
   number = {9},
   pages = {1173-1185},
   ISSN = {0022-4928},
   DOI = {10.1175/1520-0469(2003)060<1173:eomcom>2.0.co;2},
   year = {2003},
   type = {Journal Article}
}

@article{Zhang_2007,
   author = {Zhang, H. and McFarquhar, G. M. and Saleeby, S. M. and Cotton, W. R.},
   title = {Impacts of Saharan dust as CCN on the evolution of an idealized tropical cyclone},
   journal = {Geophysical Research Letters},
   volume = {34},
   number = {14},
   ISSN = {0094-8276},
   DOI = {10.1029/2007gl029876},
   url = {<Go to ISI>://WOS:000248420500004},
   year = {2007},
   type = {Journal Article}
}

@article{Zhang_2009b,
   author = {Zhang, H. N. and McFarquhar, G. M. and Cotton, W. R. and Deng, Y.},
   title = {Direct and indirect impacts of Saharan dust acting as cloud condensation nuclei on tropical cyclone eyewall development},
   journal = {Geophysical Research Letters},
   volume = {36},
   ISSN = {0094-8276},
   DOI = {10.1029/2009gl037276},
   url = {<Go to ISI>://WOS:000264438500003},
   year = {2009},
   type = {Journal Article}
}

@article{Zhang_2022,
   author = {Zhang, L. and Grell, G. A. and McKeen, S. A. and Ahmadov, R. and Froyd, K. D. and Murphy, D.},
   title = {Inline coupling of simple and complex chemistry modules within the global weather forecast model FIM (FIM-Chem v1)},
   journal = {Geoscientific Model Development},
   volume = {15},
   number = {2},
   pages = {467-491},
   ISSN = {1991-959x},
   DOI = {10.5194/gmd-15-467-2022},
   url = {<Go to ISI>://WOS:000747520200001},
   year = {2022},
   type = {Journal Article}
}

@article{Zhang_2009,
   author = {Zhang, Q. and Streets, D. G. and Carmichael, G. R. and He, K. B. and Huo, H. and Kannari, A. and Klimont, Z. and Park, I. S. and Reddy, S. and Fu, J. S. and Chen, D. and Duan, L. and Lei, Y. and Wang, L. T. and Yao, Z. L.},
   title = {Asian emissions in 2006 for the NASA INTEX-B mission},
   journal = {Atmospheric Chemistry and Physics},
   volume = {9},
   number = {14},
   pages = {5131-5153},
   ISSN = {1680-7324},
   DOI = {10.5194/acp-9-5131-2009},
   url = {https://dx.doi.org/10.5194/acp-9-5131-2009},
   year = {2009},
   type = {Journal Article}
}

@article{Zhang_2020,
   author = {Zhang, S. Q. and Liu, Z. Y. and Zhang, X. F. and Wu, X. R. and Han, G. J. and Zhao, Y. X. and Yu, X. L. and Liu, C. and Liu, Y. and Wu, S. and Lu, F. Y. and Li, M. K. and Deng, X.},
   title = {Coupled data assimilation and parameter estimation in coupled ocean-atmosphere models: a review},
   journal = {Climate Dynamics},
   volume = {54},
   number = {11-12},
   pages = {5127-5144},
   ISSN = {0930-7575},
   DOI = {10.1007/s00382-020-05275-6},
   url = {<Go to ISI>://WOS:000534858900002},
   year = {2020},
   type = {Journal Article}
}

@article{Zhang_2012,
   author = {Zhang, Y. and Bocquet, M. and Mallet, V. and Seigneur, C. and Baklanov, A.},
   title = {Real-time air quality forecasting, part I: History, techniques, and current status},
   journal = {Atmospheric Environment},
   volume = {60},
   pages = {632-655},
   ISSN = {1352-2310},
   DOI = {10.1016/j.atmosenv.2012.06.031},
   url = {<Go to ISI>://WOS:000309789800069},
   year = {2012},
   type = {Journal Article}
}

@article{Zhang_2012b,
   author = {Zhang, Y. and Bocquet, M. and Mallet, V. and Seigneur, C. and Baklanov, A.},
   title = {Real-time air quality forecasting, part II: State of the science, current research needs, and future prospects},
   journal = {Atmospheric Environment},
   volume = {60},
   pages = {656-676},
   ISSN = {1352-2310},
   DOI = {10.1016/j.atmosenv.2012.02.041},
   url = {<Go to ISI>://WOS:000309789800070},
   year = {2012},
   type = {Journal Article}
}

@article{Zhao_2017,
   author = {Zhao, Bin and Wu, Wenjing and Wang, Shuxiao and Xing, Jia and Chang, Xing and Liou, Kuo-Nan and Jiang, Jonathan H. and Gu, Yu and Jang, Carey and Fu, Joshua S. and Zhu, Yun and Wang, Jiandong and Lin, Yan and Hao, Jiming},
   title = {A modeling study of the nonlinear response of fine particles to air pollutant emissions in the Beijing–Tianjin–Hebei region},
   journal = {Atmospheric Chemistry and Physics},
   volume = {17},
   number = {19},
   pages = {12031-12050},
   ISSN = {1680-7324},
   DOI = {10.5194/acp-17-12031-2017},
   url = {https://dx.doi.org/10.5194/acp-17-12031-2017},
   year = {2017},
   type = {Journal Article}
}

@article{Zhao_2014,
   author = {Zhao, L. and Lee, X. and Smith, R. B. and Oleson, K.},
   title = {Strong contributions of local background climate to urban heat islands},
   journal = {Nature},
   volume = {511},
   number = {7508},
   pages = {216-9},
   ISSN = {1476-4687 (Electronic)
0028-0836 (Linking)},
   DOI = {10.1038/nature13462},
   url = {https://www.ncbi.nlm.nih.gov/pubmed/25008529},
   year = {2014},
   type = {Journal Article}
}

@article{Zhao_2011,
   author = {Zhao, Y. and Nielsen, C. P. and Lei, Y. and McElroy, M. B. and Hao, J.},
   title = {Quantifying the uncertainties of a bottom-up emission inventory of anthropogenic atmospheric pollutants in China},
   journal = {Atmospheric Chemistry and Physics},
   volume = {11},
   number = {5},
   pages = {2295-2308},
   ISSN = {1680-7324},
   DOI = {10.5194/acp-11-2295-2011},
   url = {https://dx.doi.org/10.5194/acp-11-2295-2011},
   year = {2011},
   type = {Journal Article}
}

@article{Zheng_2019,
   author = {Zheng, Haotian and Cai, Siyi and Wang, Shuxiao and Zhao, Bin and Chang, Xing and Hao, Jiming},
   title = {Development of a unit-based industrial emission inventory in the Beijing–Tianjin–Hebei region and resulting improvement in air quality modeling},
   journal = {Atmospheric Chemistry and Physics},
   volume = {19},
   number = {6},
   pages = {3447-3462},
   ISSN = {1680-7324},
   DOI = {10.5194/acp-19-3447-2019},
   url = {https://dx.doi.org/10.5194/acp-19-3447-2019},
   year = {2019},
   type = {Journal Article}
}

@article{Zhou_2020,
   author = {Zhou, F. F. and Toth, Z.},
   title = {On the Prospects for Improved Tropical Cyclone Track Forecasts},
   journal = {Bulletin of the American Meteorological Society},
   volume = {101},
   number = {12},
   pages = {E2058-E2077},
   ISSN = {0003-0007},
   DOI = {10.1175/Bams-D-19-0166.1},
   url = {<Go to ISI>://WOS:000627585400003
https://journals.ametsoc.org/downloadpdf/journals/bams/101/12/BAMS-D-19-0166.1.pdf},
   year = {2020},
   type = {Journal Article}
}

@article{Zhu_2017,
   author = {Zhu, T.},
   title = {Air pollution in China: scientific challenges and policy implications},
   journal = {National Science Review},
   volume = {4},
   number = {6},
   pages = {800-800},
   ISSN = {2095-5138},
   DOI = {10.1093/nsr/nwx151},
   url = {<Go to ISI>://WOS:000424321000017},
   year = {2017},
   type = {Journal Article}
}

@article{Zheng_2018,
   author = {Zheng, Bo and Tong, Dan and Li, Meng and Liu, Fei and Hong, Chaopeng and Geng, Guannan and Li, Haiyan and Li, Xin and Peng, Liqun and Qi, Ji and Yan, Liu and Zhang, Yuxuan and Zhao, Hongyan and Zheng, Yixuan and He, Kebin and Zhang, Qiang},
   title = {Trends in China's anthropogenic emissions since 2010 as the consequence of clean air actions},
   journal = {Atmospheric Chemistry and Physics},
   volume = {18},
   number = {19},
   pages = {14095-14111},
   ISSN = {1680-7324},
   DOI = {10.5194/acp-18-14095-2018},
   url = {https://dx.doi.org/10.5194/acp-18-14095-2018},
   year = {2018},
   type = {Journal Article}
}


